COLLECTION_TIME,MESSAGE_ID,MESSAGE_TYPE,SYMBOL,PRICE,SIZE,TRADE_ID,TRADE_FLAGS
2024-04-15 12:20:19.370865920,99058,T,GBTC,58.920000,50,4467546,EXTENDED_HOURS|ODD_LOT
2024-04-15 12:20:19.370969088,99059,T,GBTC,58.920000,50,4467551,EXTENDED_HOURS|ODD_LOT
2024-04-15 12:39:21.427279872,232116,T,GBTC,58.970000,5,9246359,INTERMARKET_SWEEP|EXTENDED_HOURS|ODD_LOT
2024-04-15 13:01:06.430993920,369046,T,GBTC,58.920000,50,14386014,EXTENDED_HOURS|ODD_LOT
2024-04-15 13:01:06.431047936,369047,T,GBTC,58.920000,50,14386019,EXTENDED_HOURS|ODD_LOT
2024-04-15 13:30:00.300524032,603221,T,GBTC,59.000000,50,23940096,REGULAR_HOURS|ODD_LOT
2024-04-15 13:30:00.300574976,603224,T,GBTC,59.000000,44,23940159,REGULAR_HOURS|ODD_LOT
2024-04-15 13:30:00.305467904,603241,T,GBTC,59.000000,31,23943839,REGULAR_HOURS|ODD_LOT
2024-04-15 13:30:00.311222016,603265,T,GBTC,59.000000,50,23948260,REGULAR_HOURS|ODD_LOT
2024-04-15 13:30:01.268269056,618075,T,GBTC,59.040000,60,24920909,REGULAR_HOURS|ODD_LOT
2024-04-15 13:30:01.281701120,618358,T,GBTC,59.050000,300,24934120,INTERMARKET_SWEEP|REGULAR_HOURS
2024-04-15 13:30:01.281732096,618359,T,GBTC,59.050000,28,24934144,INTERMARKET_SWEEP|REGULAR_HOURS|ODD_LOT
2024-04-15 13:30:04.846277120,694849,T,GBTC,59.060000,32,27576613,REGULAR_HOURS|ODD_LOT
2024-04-15 13:30:04.879589120,695384,T,GBTC,59.060000,42,27598611,REGULAR_HOURS|ODD_LOT
2024-04-15 13:30:05.087945984,699278,T,GBTC,59.050000,126,27734975,INTERMARKET_SWEEP|REGULAR_HOURS
2024-04-15 13:30:15.350973952,824329,T,GBTC,59.030000,100,31922665,INTERMARKET_SWEEP|REGULAR_HOURS
2024-04-15 13:30:15.988229120,831863,T,GBTC,59.020000,57,32139598,INTERMARKET_SWEEP|REGULAR_HOURS|ODD_LOT
2024-04-15 13:30:16.624130048,837997,T,GBTC,59.010000,100,32315642,INTERMARKET_SWEEP|REGULAR_HOURS
2024-04-15 13:30:17.740700928,850228,T,GBTC,59.000000,57,32659449,INTERMARKET_SWEEP|REGULAR_HOURS|ODD_LOT
2024-04-15 13:30:17.740756992,850230,T,GBTC,59.000000,43,32659483,REGULAR_HOURS|ODD_LOT
2024-04-15 13:30:18.844849920,859335,T,GBTC,59.000000,100,32924298,INTERMARKET_SWEEP|REGULAR_HOURS
2024-04-15 13:30:22.091856896,887696,T,GBTC,59.010000,100,33771187,REGULAR_HOURS
2024-04-15 13:30:22.630514944,890623,T,GBTC,59.000000,100,33871809,INTERMARKET_SWEEP|REGULAR_HOURS
2024-04-15 13:31:06.717581056,1237273,T,GBTC,58.990000,200,43497844,REGULAR_HOURS
2024-04-15 13:31:28.283804928,1426262,T,GBTC,59.000000,100,48226675,INTERMARKET_SWEEP|REGULAR_HOURS
2024-04-15 13:31:28.349285120,1426857,T,GBTC,59.000000,100,48239514,INTERMARKET_SWEEP|REGULAR_HOURS
2024-04-15 13:31:29.733456896,1438426,T,GBTC,59.020000,100,48519454,INTERMARKET_SWEEP|REGULAR_HOURS
2024-04-15 13:31:34.940385024,1480852,T,GBTC,59.030000,100,49606974,INTERMARKET_SWEEP|REGULAR_HOURS
2024-04-15 13:31:34.945158912,1480910,T,GBTC,59.030000,200,49608294,INTERMARKET_SWEEP|REGULAR_HOURS
2024-04-15 13:31:37.525074944,1500706,T,GBTC,59.040000,8,50096994,REGULAR_HOURS|ODD_LOT
2024-04-15 13:31:37.525075968,1500707,T,GBTC,59.040000,20,50097009,REGULAR_HOURS|ODD_LOT
2024-04-15 13:31:42.889293056,1546980,T,GBTC,59.110000,200,51259309,INTERMARKET_SWEEP|REGULAR_HOURS
2024-04-15 13:31:48.905925120,1593507,T,GBTC,59.100000,200,52425300,REGULAR_HOURS
2024-04-15 13:32:03.680812032,1719113,T,GBTC,59.120000,57,55631276,INTERMARKET_SWEEP|REGULAR_HOURS|ODD_LOT
2024-04-15 13:32:41.018648064,1999219,T,GBTC,59.060000,146,62886082,INTERMARKET_SWEEP|REGULAR_HOURS
2024-04-15 13:32:41.099648000,2000097,T,GBTC,59.060000,54,62909022,INTERMARKET_SWEEP|REGULAR_HOURS|ODD_LOT
2024-04-15 13:32:41.099763968,2000098,T,GBTC,59.060000,100,62909040,INTERMARKET_SWEEP|REGULAR_HOURS
2024-04-15 13:32:49.334850048,2064978,T,GBTC,59.090000,100,64457045,INTERMARKET_SWEEP|REGULAR_HOURS
2024-04-15 13:32:52.552574976,2091641,T,GBTC,59.080000,200,65082665,INTERMARKET_SWEEP|REGULAR_HOURS
2024-04-15 13:32:52.582838016,2091764,T,GBTC,59.080000,100,65085682,INTERMARKET_SWEEP|REGULAR_HOURS
2024-04-15 13:33:26.704033024,2344178,T,GBTC,59.010000,2,71319732,REGULAR_HOURS|ODD_LOT
2024-04-15 13:34:06.244867072,2621871,T,GBTC,58.880000,78,77964134,REGULAR_HOURS|ODD_LOT
2024-04-15 13:34:48.292363008,2915081,T,GBTC,58.950000,100,84908585,INTERMARKET_SWEEP|REGULAR_HOURS
2024-04-15 13:35:02.022464000,3029698,T,GBTC,58.990000,100,87625274,INTERMARKET_SWEEP|REGULAR_HOURS
2024-04-15 13:35:02.022466048,3029700,T,GBTC,58.990000,100,87625288,INTERMARKET_SWEEP|REGULAR_HOURS
2024-04-15 13:35:04.459181056,3052527,T,GBTC,58.980000,100,88210388,INTERMARKET_SWEEP|REGULAR_HOURS
2024-04-15 13:35:06.055324928,3064603,T,GBTC,59.000000,100,88532035,INTERMARKET_SWEEP|REGULAR_HOURS
2024-04-15 13:35:06.055347968,3064605,T,GBTC,59.000000,100,88532050,INTERMARKET_SWEEP|REGULAR_HOURS
2024-04-15 13:35:11.289914880,3108049,T,GBTC,58.980000,100,89610774,INTERMARKET_SWEEP|REGULAR_HOURS
2024-04-15 13:35:11.289938944,3108050,T,GBTC,58.980000,100,89610779,INTERMARKET_SWEEP|REGULAR_HOURS
2024-04-15 13:35:17.567561984,3156874,T,GBTC,58.950000,100,90826158,INTERMARKET_SWEEP|REGULAR_HOURS
2024-04-15 13:35:35.714373888,3291576,T,GBTC,58.890000,100,94180153,INTERMARKET_SWEEP|REGULAR_HOURS
2024-04-15 13:35:48.210311936,3377967,T,GBTC,58.965000,100,96329681,REGULAR_HOURS
2024-04-15 13:35:48.210341120,3377969,T,GBTC,58.965000,100,96329696,REGULAR_HOURS
2024-04-15 13:35:48.323717888,3378698,T,GBTC,58.960000,100,96346820,INTERMARKET_SWEEP|REGULAR_HOURS
2024-04-15 13:35:48.323724032,3378699,T,GBTC,58.960000,9,96346825,INTERMARKET_SWEEP|REGULAR_HOURS|ODD_LOT
2024-04-15 13:35:52.613944064,3409059,T,GBTC,58.970000,100,97074471,INTERMARKET_SWEEP|REGULAR_HOURS
2024-04-15 13:35:56.162319872,3430734,T,GBTC,58.980000,100,97617529,REGULAR_HOURS
2024-04-15 13:36:03.542937088,3516423,T,GBTC,58.950000,100,99635570,INTERMARKET_SWEEP|REGULAR_HOURS
2024-04-15 13:36:04.004590080,3520836,T,GBTC,58.940000,100,99742976,INTERMARKET_SWEEP|REGULAR_HOURS
2024-04-15 13:36:21.536698112,3678246,T,GBTC,58.920000,100,103436101,REGULAR_HOURS
2024-04-15 13:37:00.405859072,3962969,T,GBTC,58.870000,100,110272529,INTERMARKET_SWEEP|REGULAR_HOURS
2024-04-15 13:37:06.917242112,4039616,T,GBTC,58.860000,100,111801656,INTERMARKET_SWEEP|REGULAR_HOURS
2024-04-15 13:37:19.551756032,4150737,T,GBTC,58.845000,79,114109417,REGULAR_HOURS|ODD_LOT
2024-04-15 13:37:24.658223104,4201973,T,GBTC,58.900000,100,115134381,REGULAR_HOURS
2024-04-15 13:37:32.543643904,4284007,T,GBTC,58.850000,100,116785390,INTERMARKET_SWEEP|REGULAR_HOURS
2024-04-15 13:38:21.131525120,4704418,T,GBTC,58.810000,100,125460626,INTERMARKET_SWEEP|REGULAR_HOURS
2024-04-15 13:38:52.117797120,4953513,T,GBTC,58.790000,100,130699910,REGULAR_HOURS
2024-04-15 13:39:07.190688000,5081632,T,GBTC,58.800000,100,133380059,INTERMARKET_SWEEP|REGULAR_HOURS
2024-04-15 13:39:15.328284928,5162413,T,GBTC,58.860000,100,135023068,REGULAR_HOURS
2024-04-15 13:39:15.332342016,5162450,T,GBTC,58.870000,100,135023901,INTERMARKET_SWEEP|REGULAR_HOURS|TRADE_THROUGH_EXEMPT
2024-04-15 13:39:19.632385024,5201786,T,GBTC,58.860000,100,135836473,INTERMARKET_SWEEP|REGULAR_HOURS
2024-04-15 13:39:40.471773952,5361064,T,GBTC,58.850000,100,139070687,INTERMARKET_SWEEP|REGULAR_HOURS
2024-04-15 13:40:37.331622912,5851618,T,GBTC,58.900000,100,149045988,REGULAR_HOURS
2024-04-15 13:41:05.811532032,6085750,T,GBTC,58.960000,100,153850226,INTERMARKET_SWEEP|REGULAR_HOURS
2024-04-15 13:41:09.438176000,6114510,T,GBTC,59.030000,100,154434697,REGULAR_HOURS
2024-04-15 13:41:09.793121024,6117547,T,GBTC,59.030000,100,154492900,REGULAR_HOURS
2024-04-15 13:41:09.796901120,6117631,T,GBTC,59.030000,100,154493951,REGULAR_HOURS
2024-04-15 13:41:11.822427904,6132987,T,GBTC,59.030000,100,154827238,REGULAR_HOURS
2024-04-15 13:41:20.153740032,6197934,T,GBTC,59.040000,100,156149078,INTERMARKET_SWEEP|REGULAR_HOURS
2024-04-15 13:41:22.286053120,6218159,T,GBTC,59.070000,100,156535401,REGULAR_HOURS
2024-04-15 13:41:22.286066944,6218160,T,GBTC,59.070000,100,156535409,REGULAR_HOURS
2024-04-15 13:41:22.289571072,6218217,T,GBTC,59.070000,100,156536293,INTERMARKET_SWEEP|REGULAR_HOURS
2024-04-15 13:41:26.066291968,6250679,T,GBTC,59.120000,100,157186769,INTERMARKET_SWEEP|REGULAR_HOURS
2024-04-15 13:41:26.066292992,6250680,T,GBTC,59.120000,100,157186774,INTERMARKET_SWEEP|REGULAR_HOURS
2024-04-15 13:42:17.498084096,6680900,T,GBTC,59.110000,100,165908834,INTERMARKET_SWEEP|REGULAR_HOURS
2024-04-15 13:42:18.375648000,6686183,T,GBTC,59.100000,100,166023848,INTERMARKET_SWEEP|REGULAR_HOURS
2024-04-15 13:42:23.940110080,6722496,T,GBTC,59.150000,100,166786136,REGULAR_HOURS
2024-04-15 13:42:23.940141056,6722497,T,GBTC,59.150000,100,166786143,REGULAR_HOURS
2024-04-15 13:42:47.168520960,6928470,T,GBTC,59.100000,100,170880417,INTERMARKET_SWEEP|REGULAR_HOURS
2024-04-15 13:44:10.320365056,7621535,T,GBTC,59.090000,100,184382097,INTERMARKET_SWEEP|REGULAR_HOURS
2024-04-15 13:44:55.756521984,7975174,T,GBTC,59.100000,100,191193687,INTERMARKET_SWEEP|REGULAR_HOURS
2024-04-15 13:44:59.790086912,8013124,T,GBTC,59.090000,100,191892139,INTERMARKET_SWEEP|REGULAR_HOURS
2024-04-15 13:45:27.750859008,8339445,T,GBTC,59.010000,100,198054964,INTERMARKET_SWEEP|REGULAR_HOURS
2024-04-15 13:46:24.752973056,8915688,T,GBTC,59.120000,100,208747845,REGULAR_HOURS
2024-04-15 13:46:24.752983040,8915689,T,GBTC,59.120000,100,208747851,REGULAR_HOURS
2024-04-15 13:46:24.844290048,8916273,T,GBTC,59.130000,100,208759584,REGULAR_HOURS
2024-04-15 13:46:24.844306944,8916274,T,GBTC,59.130000,100,208759591,REGULAR_HOURS
2024-04-15 13:46:24.844315904,8916275,T,GBTC,59.130000,100,208759596,REGULAR_HOURS
2024-04-15 13:46:28.849851904,8947438,T,GBTC,59.100000,100,209328032,INTERMARKET_SWEEP|REGULAR_HOURS
2024-04-15 13:47:17.757981952,9363075,T,GBTC,59.110000,100,217256795,REGULAR_HOURS
2024-04-15 13:47:17.757984000,9363076,T,GBTC,59.110000,100,217256801,REGULAR_HOURS
2024-04-15 13:47:25.431180032,9441389,T,GBTC,59.140000,100,218730552,INTERMARKET_SWEEP|REGULAR_HOURS
2024-04-15 13:47:36.520805888,9567680,T,GBTC,59.150000,100,221156328,INTERMARKET_SWEEP|REGULAR_HOURS
2024-04-15 13:47:51.079290112,9695541,T,GBTC,59.220000,100,223636386,INTERMARKET_SWEEP|REGULAR_HOURS|TRADE_THROUGH_EXEMPT
2024-04-15 13:47:52.938979072,9713485,T,GBTC,59.220000,100,223964298,INTERMARKET_SWEEP|REGULAR_HOURS
2024-04-15 13:47:52.938991104,9713486,T,GBTC,59.230000,100,223964316,INTERMARKET_SWEEP|REGULAR_HOURS|TRADE_THROUGH_EXEMPT
2024-04-15 13:47:52.941530880,9713697,T,GBTC,59.230000,35,223967240,INTERMARKET_SWEEP|REGULAR_HOURS|ODD_LOT
2024-04-15 13:47:53.102925056,9715641,T,GBTC,59.230000,100,224003913,INTERMARKET_SWEEP|REGULAR_HOURS
2024-04-15 13:47:55.533114880,9741899,T,GBTC,59.220000,100,224489193,INTERMARKET_SWEEP|REGULAR_HOURS
2024-04-15 13:48:00.384660992,9802564,T,GBTC,59.230000,100,225663318,INTERMARKET_SWEEP|REGULAR_HOURS
2024-04-15 13:48:00.486318080,9818938,T,GBTC,59.230000,100,225888587,REGULAR_HOURS
2024-04-15 13:48:00.486318080,9818941,T,GBTC,59.230000,100,225888620,REGULAR_HOURS
2024-04-15 13:48:00.486318080,9818947,T,GBTC,59.230000,100,225888664,REGULAR_HOURS
2024-04-15 13:48:12.926046976,9958494,T,GBTC,59.270000,100,228452949,INTERMARKET_SWEEP|REGULAR_HOURS
2024-04-15 13:48:13.921171968,9966869,T,GBTC,59.280000,100,228622369,INTERMARKET_SWEEP|REGULAR_HOURS|TRADE_THROUGH_EXEMPT
2024-04-15 13:48:27.857865984,10086718,T,GBTC,59.250000,100,230928913,INTERMARKET_SWEEP|REGULAR_HOURS
2024-04-15 13:48:51.282393088,10286711,T,GBTC,59.170000,100,234652234,INTERMARKET_SWEEP|REGULAR_HOURS
2024-04-15 13:50:21.435333888,11097585,T,GBTC,59.190000,100,249951761,REGULAR_HOURS
2024-04-15 13:50:40.270182912,11252061,T,GBTC,59.200000,100,252995171,INTERMARKET_SWEEP|REGULAR_HOURS
2024-04-15 13:50:41.293421056,11261077,T,GBTC,59.200000,100,253170692,INTERMARKET_SWEEP|REGULAR_HOURS
2024-04-15 13:50:48.976851968,11323857,T,GBTC,59.190000,100,254350660,INTERMARKET_SWEEP|REGULAR_HOURS
2024-04-15 13:50:49.120498944,11325364,T,GBTC,59.190000,100,254376035,INTERMARKET_SWEEP|REGULAR_HOURS
2024-04-15 13:51:01.879631872,11429976,T,GBTC,59.170000,100,256383315,INTERMARKET_SWEEP|REGULAR_HOURS
2024-04-15 13:51:16.454361088,11558910,T,GBTC,59.170000,100,258853035,INTERMARKET_SWEEP|REGULAR_HOURS
2024-04-15 13:51:35.816791040,11716748,T,GBTC,59.130000,100,261835011,INTERMARKET_SWEEP|REGULAR_HOURS
2024-04-15 13:51:37.098804992,11731744,T,GBTC,59.110000,100,262112907,REGULAR_HOURS
2024-04-15 13:51:37.103746048,11731857,T,GBTC,59.110000,100,262115320,REGULAR_HOURS
2024-04-15 13:51:53.751367936,11870243,T,GBTC,59.100000,100,264716849,INTERMARKET_SWEEP|REGULAR_HOURS
2024-04-15 13:52:04.474550016,11976112,T,GBTC,59.040000,100,266652445,INTERMARKET_SWEEP|REGULAR_HOURS
2024-04-15 13:52:04.474551040,11976113,T,GBTC,59.040000,100,266652454,INTERMARKET_SWEEP|REGULAR_HOURS
2024-04-15 13:52:04.474551040,11976114,T,GBTC,59.040000,100,266652469,INTERMARKET_SWEEP|REGULAR_HOURS
2024-04-15 13:52:26.974681088,12153642,T,GBTC,58.990000,100,270031504,INTERMARKET_SWEEP|REGULAR_HOURS
2024-04-15 13:52:26.974682880,12153643,T,GBTC,58.990000,100,270031512,INTERMARKET_SWEEP|REGULAR_HOURS
2024-04-15 13:52:26.974714112,12153644,T,GBTC,58.990000,100,270031517,INTERMARKET_SWEEP|REGULAR_HOURS
2024-04-15 13:52:39.291063040,12251540,T,GBTC,58.940000,100,271854544,INTERMARKET_SWEEP|REGULAR_HOURS
2024-04-15 13:52:41.711322880,12266726,T,GBTC,58.920000,100,272155688,INTERMARKET_SWEEP|REGULAR_HOURS
2024-04-15 13:52:42.285910016,12269783,T,GBTC,58.930000,100,272213353,INTERMARKET_SWEEP|REGULAR_HOURS
2024-04-15 13:52:44.940185088,12284758,T,GBTC,58.880000,100,272498945,REGULAR_HOURS
2024-04-15 13:52:44.945586944,12284817,T,GBTC,58.870000,100,272499808,INTERMARKET_SWEEP|REGULAR_HOURS
2024-04-15 13:52:49.085772032,12316800,T,GBTC,58.870000,100,273115627,INTERMARKET_SWEEP|REGULAR_HOURS
2024-04-15 13:52:49.431660032,12319130,T,GBTC,58.900000,100,273162519,INTERMARKET_SWEEP|REGULAR_HOURS
2024-04-15 13:53:03.137754112,12427672,T,GBTC,58.920000,100,275231481,INTERMARKET_SWEEP|REGULAR_HOURS
2024-04-15 13:53:07.827375104,12454044,T,GBTC,58.930000,100,275760894,INTERMARKET_SWEEP|REGULAR_HOURS
2024-04-15 13:53:26.811749120,12626761,T,GBTC,59.010000,100,279163098,REGULAR_HOURS
2024-04-15 13:53:26.811768064,12626762,T,GBTC,59.010000,100,279163107,REGULAR_HOURS
2024-04-15 13:53:26.816889088,12626835,T,GBTC,59.010000,100,279163828,INTERMARKET_SWEEP|REGULAR_HOURS
2024-04-15 13:54:29.933073920,13097667,T,GBTC,58.910000,100,288043779,INTERMARKET_SWEEP|REGULAR_HOURS
2024-04-15 13:54:31.706246912,13111402,T,GBTC,58.920000,100,288314859,INTERMARKET_SWEEP|REGULAR_HOURS
2024-04-15 13:55:12.419952896,13399701,T,GBTC,58.900000,100,293828513,INTERMARKET_SWEEP|REGULAR_HOURS
2024-04-15 13:55:27.709306880,13528861,T,GBTC,58.870000,100,296323598,INTERMARKET_SWEEP|REGULAR_HOURS
2024-04-15 13:55:27.709416960,13528862,T,GBTC,58.870000,100,296323606,INTERMARKET_SWEEP|REGULAR_HOURS
2024-04-15 13:55:43.672047104,13668730,T,GBTC,58.860000,100,298966940,INTERMARKET_SWEEP|REGULAR_HOURS
2024-04-15 13:55:43.672056064,13668731,T,GBTC,58.860000,100,298966946,INTERMARKET_SWEEP|REGULAR_HOURS
2024-04-15 13:55:43.694953984,13668880,T,GBTC,58.860000,100,298969869,INTERMARKET_SWEEP|REGULAR_HOURS
2024-04-15 13:55:55.590574080,13758635,T,GBTC,58.860000,100,300647525,INTERMARKET_SWEEP|REGULAR_HOURS
2024-04-15 13:56:07.610680064,13858683,T,GBTC,58.810000,100,302580748,REGULAR_HOURS
2024-04-15 13:56:07.768878080,13859758,T,GBTC,58.820000,100,302600685,INTERMARKET_SWEEP|REGULAR_HOURS
2024-04-15 13:56:13.587664896,13901200,T,GBTC,58.810000,100,303395038,INTERMARKET_SWEEP|REGULAR_HOURS
2024-04-15 13:56:19.573680128,13942934,T,GBTC,58.830000,16,304185228,REGULAR_HOURS|ODD_LOT
2024-04-15 13:56:20.300115968,13948222,T,GBTC,58.830000,100,304283744,INTERMARKET_SWEEP|REGULAR_HOURS
2024-04-15 13:56:24.430019072,13975954,T,GBTC,58.840000,100,304806162,INTERMARKET_SWEEP|REGULAR_HOURS
2024-04-15 13:56:40.188531968,14102259,T,GBTC,58.820000,100,307132327,INTERMARKET_SWEEP|REGULAR_HOURS
2024-04-15 13:57:27.440216064,14454793,T,GBTC,58.790000,100,313723726,INTERMARKET_SWEEP|REGULAR_HOURS
2024-04-15 13:57:42.106279936,14555755,T,GBTC,58.750000,100,315673244,REGULAR_HOURS
2024-04-15 13:57:50.223649024,14614291,T,GBTC,58.770000,100,316763993,INTERMARKET_SWEEP|REGULAR_HOURS
2024-04-15 13:58:06.523674880,14729379,T,GBTC,58.690000,45,318962503,REGULAR_HOURS|ODD_LOT
2024-04-15 13:58:11.674255872,14771615,T,GBTC,58.680000,100,319760505,INTERMARKET_SWEEP|REGULAR_HOURS
2024-04-15 13:58:11.674273024,14771616,T,GBTC,58.680000,100,319760510,INTERMARKET_SWEEP|REGULAR_HOURS
2024-04-15 13:58:11.674285056,14771617,T,GBTC,58.680000,100,319760515,INTERMARKET_SWEEP|REGULAR_HOURS
2024-04-15 13:58:11.683728896,14771708,T,GBTC,58.680000,100,319762220,INTERMARKET_SWEEP|REGULAR_HOURS
2024-04-15 13:58:17.468251904,14820133,T,GBTC,58.640000,100,320712727,INTERMARKET_SWEEP|REGULAR_HOURS
2024-04-15 13:58:18.785189120,14829743,T,GBTC,58.620000,100,320889953,INTERMARKET_SWEEP|REGULAR_HOURS
2024-04-15 13:58:18.785304064,14829744,T,GBTC,58.620000,100,320889958,INTERMARKET_SWEEP|REGULAR_HOURS
2024-04-15 13:58:20.830831104,14845378,T,GBTC,58.630000,100,321179725,REGULAR_HOURS
2024-04-15 13:58:20.833881088,14845459,T,GBTC,58.640000,100,321180835,INTERMARKET_SWEEP|REGULAR_HOURS
2024-04-15 13:58:20.961469952,14846662,T,GBTC,58.640000,100,321202612,INTERMARKET_SWEEP|REGULAR_HOURS
2024-04-15 13:58:32.547837952,14923143,T,GBTC,58.680000,100,322666412,INTERMARKET_SWEEP|REGULAR_HOURS
2024-04-15 13:58:32.568278016,14923596,T,GBTC,58.680000,100,322673999,INTERMARKET_SWEEP|REGULAR_HOURS
2024-04-15 14:00:02.725068032,15545726,T,GBTC,58.750000,100,335020095,INTERMARKET_SWEEP|REGULAR_HOURS
2024-04-15 14:00:26.339929088,15643467,T,GBTC,58.690000,100,338423199,INTERMARKET_SWEEP|REGULAR_HOURS
2024-04-15 14:00:32.320960000,15714970,T,GBTC,58.700000,100,340050098,INTERMARKET_SWEEP|REGULAR_HOURS
2024-04-15 14:01:40.408293120,16389193,T,GBTC,58.670000,100,353550557,INTERMARKET_SWEEP|REGULAR_HOURS
2024-04-15 14:01:40.413611008,16389279,T,GBTC,58.670000,100,353552054,INTERMARKET_SWEEP|REGULAR_HOURS
2024-04-15 14:02:08.836283904,16626723,T,GBTC,58.670000,100,358331744,REGULAR_HOURS
2024-04-15 14:02:08.836283904,16626727,T,GBTC,58.670000,100,358331770,REGULAR_HOURS
2024-04-15 14:02:45.611911936,16912973,T,GBTC,58.690000,100,364110576,INTERMARKET_SWEEP|REGULAR_HOURS
2024-04-15 14:02:46.021562880,16915393,T,GBTC,58.690000,100,364158427,INTERMARKET_SWEEP|REGULAR_HOURS
2024-04-15 14:03:18.282499072,17225731,T,GBTC,58.760000,100,370177699,REGULAR_HOURS
2024-04-15 14:03:18.286782976,17225747,T,GBTC,58.770000,100,370178144,INTERMARKET_SWEEP|REGULAR_HOURS
2024-04-15 14:03:18.286883072,17225748,T,GBTC,58.770000,100,370178154,INTERMARKET_SWEEP|REGULAR_HOURS
2024-04-15 14:03:42.403918080,17421402,T,GBTC,58.760000,100,374080350,INTERMARKET_SWEEP|REGULAR_HOURS
2024-04-15 14:04:51.182940928,18021385,T,GBTC,58.740000,100,385858159,INTERMARKET_SWEEP|REGULAR_HOURS
2024-04-15 14:05:00.746179072,18103258,T,GBTC,58.700000,100,387466619,REGULAR_HOURS
2024-04-15 14:05:18.428599040,18257888,T,GBTC,58.710000,100,390602080,INTERMARKET_SWEEP|REGULAR_HOURS
2024-04-15 14:05:39.959918080,18423388,T,GBTC,58.770000,100,393908154,INTERMARKET_SWEEP|REGULAR_HOURS
2024-04-15 14:06:20.825355008,18771416,T,GBTC,58.820000,100,400776654,INTERMARKET_SWEEP|REGULAR_HOURS
2024-04-15 14:06:22.184137984,18786392,T,GBTC,58.830000,100,401082740,REGULAR_HOURS
2024-04-15 14:06:22.187154944,18786414,T,GBTC,58.830000,100,401083321,REGULAR_HOURS
2024-04-15 14:07:09.729543936,19158692,T,GBTC,58.770000,100,408419148,INTERMARKET_SWEEP|REGULAR_HOURS
2024-04-15 14:07:10.434564096,19164128,T,GBTC,58.780000,100,408524404,INTERMARKET_SWEEP|REGULAR_HOURS
2024-04-15 14:07:31.697350912,19380402,T,GBTC,58.730000,343,412832001,INTERMARKET_SWEEP|REGULAR_HOURS
2024-04-15 14:07:39.137565952,19442844,T,GBTC,58.735000,100,414107428,REGULAR_HOURS
2024-04-15 14:07:39.137566976,19442845,T,GBTC,58.735000,100,414107459,REGULAR_HOURS
2024-04-15 14:07:39.230377984,19443470,T,GBTC,58.735000,1357,414119567,REGULAR_HOURS
2024-04-15 14:07:43.338722048,19477365,T,GBTC,58.730000,100,414800777,INTERMARKET_SWEEP|REGULAR_HOURS|TRADE_THROUGH_EXEMPT
2024-04-15 14:07:43.338793984,19477367,T,GBTC,58.730000,100,414800792,INTERMARKET_SWEEP|REGULAR_HOURS|TRADE_THROUGH_EXEMPT
2024-04-15 14:07:55.712722944,19584835,T,GBTC,58.700000,100,417020439,INTERMARKET_SWEEP|REGULAR_HOURS
2024-04-15 14:08:14.576103936,19776404,T,GBTC,58.620000,100,421019904,INTERMARKET_SWEEP|REGULAR_HOURS
2024-04-15 14:08:15.223368960,19782231,T,GBTC,58.600000,100,421131056,REGULAR_HOURS
2024-04-15 14:08:23.804815872,19911199,T,GBTC,58.560000,100,423723688,INTERMARKET_SWEEP|REGULAR_HOURS
2024-04-15 14:08:53.972570112,20257749,T,GBTC,58.550000,100,430766487,INTERMARKET_SWEEP|REGULAR_HOURS
2024-04-15 14:09:29.067603968,20551802,T,GBTC,58.540000,54,436879927,REGULAR_HOURS|ODD_LOT
2024-04-15 14:10:00.146049024,20850908,T,GBTC,58.490000,100,443056738,INTERMARKET_SWEEP|REGULAR_HOURS
2024-04-15 14:10:24.433260032,21115646,T,GBTC,58.530000,20,448789584,REGULAR_HOURS|ODD_LOT
2024-04-15 14:10:53.845340928,21477187,T,GBTC,58.470000,100,456303426,INTERMARKET_SWEEP|REGULAR_HOURS
2024-04-15 14:10:53.845463040,21477189,T,GBTC,58.470000,100,456303432,INTERMARKET_SWEEP|REGULAR_HOURS
2024-04-15 14:10:53.845463040,21477190,T,GBTC,58.470000,100,456303437,INTERMARKET_SWEEP|REGULAR_HOURS
2024-04-15 14:10:53.868296960,21477351,T,GBTC,58.470000,100,456306407,INTERMARKET_SWEEP|REGULAR_HOURS
2024-04-15 14:10:56.161177088,21499296,T,GBTC,58.440000,100,456753272,INTERMARKET_SWEEP|REGULAR_HOURS
2024-04-15 14:11:43.480809984,21968365,T,GBTC,58.450000,100,466922337,REGULAR_HOURS
2024-04-15 14:11:46.712207104,21994485,T,GBTC,58.520000,100,467523192,INTERMARKET_SWEEP|REGULAR_HOURS
2024-04-15 14:11:46.727714048,21994733,T,GBTC,58.520000,100,467527932,INTERMARKET_SWEEP|REGULAR_HOURS
2024-04-15 14:11:46.817489920,21995631,T,GBTC,58.510000,100,467543718,INTERMARKET_SWEEP|REGULAR_HOURS
2024-04-15 14:13:16.195598080,22886913,T,GBTC,58.420000,100,486903193,INTERMARKET_SWEEP|REGULAR_HOURS
2024-04-15 14:13:16.195618048,22886914,T,GBTC,58.420000,100,486903220,INTERMARKET_SWEEP|REGULAR_HOURS
2024-04-15 14:13:19.849315072,22916545,T,GBTC,58.395000,100,487547150,INTERMARKET_SWEEP|REGULAR_HOURS
2024-04-15 14:13:35.710755072,23060933,T,GBTC,58.440000,100,490653231,INTERMARKET_SWEEP|REGULAR_HOURS
2024-04-15 14:13:36.671451904,23069669,T,GBTC,58.440000,100,490828305,INTERMARKET_SWEEP|REGULAR_HOURS
2024-04-15 14:13:45.744088064,23162827,T,GBTC,58.430000,100,492740345,INTERMARKET_SWEEP|REGULAR_HOURS|TRADE_THROUGH_EXEMPT
2024-04-15 14:13:48.228766976,23186494,T,GBTC,58.400000,100,493209929,INTERMARKET_SWEEP|REGULAR_HOURS
2024-04-15 14:13:51.100969984,23207222,T,GBTC,58.390000,100,493626321,INTERMARKET_SWEEP|REGULAR_HOURS
2024-04-15 14:14:10.841189888,23394081,T,GBTC,58.350000,100,497489968,INTERMARKET_SWEEP|REGULAR_HOURS
2024-04-15 14:14:36.459164928,23645164,T,GBTC,58.170000,100,502647249,INTERMARKET_SWEEP|REGULAR_HOURS
2024-04-15 14:14:36.973442048,23648502,T,GBTC,58.145000,100,502715106,REGULAR_HOURS
2024-04-15 14:14:36.973466880,23648503,T,GBTC,58.145000,200,502715120,REGULAR_HOURS
2024-04-15 14:14:37.664046080,23652407,T,GBTC,58.150000,100,502789912,INTERMARKET_SWEEP|REGULAR_HOURS
2024-04-15 14:14:37.905841920,23653926,T,GBTC,58.125000,100,502820510,REGULAR_HOURS
2024-04-15 14:14:37.972705024,23654469,T,GBTC,58.110000,100,502829717,INTERMARKET_SWEEP|REGULAR_HOURS
2024-04-15 14:14:38.702195968,23660900,T,GBTC,58.130000,100,502952739,INTERMARKET_SWEEP|REGULAR_HOURS
2024-04-15 14:14:39.143080960,23664864,T,GBTC,58.150000,100,503029408,INTERMARKET_SWEEP|REGULAR_HOURS
2024-04-15 14:14:39.145619968,23664895,T,GBTC,58.150000,100,503029859,INTERMARKET_SWEEP|REGULAR_HOURS
2024-04-15 14:14:39.533900032,23669521,T,GBTC,58.150000,100,503115169,INTERMARKET_SWEEP|REGULAR_HOURS
2024-04-15 14:14:45.089683968,23719997,T,GBTC,58.150000,100,504100809,INTERMARKET_SWEEP|REGULAR_HOURS
2024-04-15 14:14:46.923406080,23737243,T,GBTC,58.170000,100,504443625,INTERMARKET_SWEEP|REGULAR_HOURS
2024-04-15 14:15:31.147659008,24136418,T,GBTC,58.270000,100,512679852,INTERMARKET_SWEEP|REGULAR_HOURS
2024-04-15 14:15:38.174789120,24233307,T,GBTC,58.320000,100,514656573,INTERMARKET_SWEEP|REGULAR_HOURS
2024-04-15 14:15:40.415310080,24255905,T,GBTC,58.330000,100,515137510,INTERMARKET_SWEEP|REGULAR_HOURS
2024-04-15 14:15:41.734865920,24270210,T,GBTC,58.320000,100,515442077,INTERMARKET_SWEEP|REGULAR_HOURS
2024-04-15 14:15:42.002280960,24271910,T,GBTC,58.310000,100,515480741,INTERMARKET_SWEEP|REGULAR_HOURS
2024-04-15 14:16:01.128044032,24469908,T,GBTC,58.340000,100,519862875,REGULAR_HOURS
2024-04-15 14:16:01.128056064,24469909,T,GBTC,58.340000,100,519862884,REGULAR_HOURS
2024-04-15 14:16:01.129681920,24469934,T,GBTC,58.340000,100,519863296,REGULAR_HOURS
2024-04-15 14:16:10.173744128,24548358,T,GBTC,58.380000,100,521509151,INTERMARKET_SWEEP|REGULAR_HOURS
2024-04-15 14:16:12.257939968,24565483,T,GBTC,58.400000,100,521862375,REGULAR_HOURS
2024-04-15 14:16:25.387609088,24687473,T,GBTC,58.340000,100,524514893,REGULAR_HOURS
2024-04-15 14:17:00.955289088,24958258,T,GBTC,58.380000,100,530285809,INTERMARKET_SWEEP|REGULAR_HOURS
2024-04-15 14:17:17.180787968,25111494,T,GBTC,58.340000,100,533453585,INTERMARKET_SWEEP|REGULAR_HOURS
2024-04-15 14:17:28.321904128,25191055,T,GBTC,58.400000,100,535129284,INTERMARKET_SWEEP|REGULAR_HOURS|TRADE_THROUGH_EXEMPT
2024-04-15 14:17:33.896496128,25235142,T,GBTC,58.420000,100,536037553,INTERMARKET_SWEEP|REGULAR_HOURS
2024-04-15 14:19:18.589500928,26003476,T,GBTC,58.400000,100,551465441,INTERMARKET_SWEEP|REGULAR_HOURS
2024-04-15 14:19:33.012272896,26121632,T,GBTC,58.410000,100,553826698,INTERMARKET_SWEEP|REGULAR_HOURS
2024-04-15 14:19:58.593352960,26300590,T,GBTC,58.400000,100,557313226,INTERMARKET_SWEEP|REGULAR_HOURS
2024-04-15 14:20:00.930159104,26323168,T,GBTC,58.380000,100,557770211,INTERMARKET_SWEEP|REGULAR_HOURS
2024-04-15 14:20:32.896890112,26583823,T,GBTC,58.340000,100,562967564,INTERMARKET_SWEEP|REGULAR_HOURS
2024-04-15 14:20:34.003753984,26602648,T,GBTC,58.310000,100,563393577,REGULAR_HOURS
2024-04-15 14:20:34.011643904,26602728,T,GBTC,58.300000,100,563395689,REGULAR_HOURS
2024-04-15 14:20:34.011659008,26602729,T,GBTC,58.300000,100,563395696,REGULAR_HOURS
2024-04-15 14:20:48.337291008,26720254,T,GBTC,58.320000,100,565806111,INTERMARKET_SWEEP|REGULAR_HOURS
2024-04-15 14:22:00.859224064,27356764,T,GBTC,58.220000,100,578892895,REGULAR_HOURS
2024-04-15 14:22:00.859226112,27356765,T,GBTC,58.220000,100,578892909,REGULAR_HOURS
2024-04-15 14:22:00.859226880,27356767,T,GBTC,58.220000,100,578892922,REGULAR_HOURS
2024-04-15 14:22:51.662192896,27813102,T,GBTC,58.325000,100,587978408,REGULAR_HOURS
2024-04-15 14:22:55.012357888,27844766,T,GBTC,58.305000,100,588605592,INTERMARKET_SWEEP|REGULAR_HOURS
2024-04-15 14:22:56.966405120,27862386,T,GBTC,58.290000,100,588944593,REGULAR_HOURS
2024-04-15 14:23:00.402023936,27897360,T,GBTC,58.320000,100,589665228,INTERMARKET_SWEEP|REGULAR_HOURS
2024-04-15 14:23:35.779173888,28180578,T,GBTC,58.370000,100,595564030,INTERMARKET_SWEEP|REGULAR_HOURS
2024-04-15 14:24:29.805198080,28607857,T,GBTC,58.310000,100,604010657,REGULAR_HOURS
2024-04-15 14:24:58.727565056,28824561,T,GBTC,58.300000,100,608308758,REGULAR_HOURS
2024-04-15 14:24:58.727628032,28824562,T,GBTC,58.300000,17,608308763,REGULAR_HOURS|ODD_LOT
2024-04-15 14:25:01.279337984,28852265,T,GBTC,58.290000,92,608895181,REGULAR_HOURS|ODD_LOT
2024-04-15 14:25:01.279383040,28852267,T,GBTC,58.290000,8,608895192,REGULAR_HOURS|ODD_LOT
2024-04-15 14:25:11.426703104,28929553,T,GBTC,58.300000,100,610463889,REGULAR_HOURS
2024-04-15 14:25:11.426723072,28929554,T,GBTC,58.300000,100,610463895,REGULAR_HOURS
2024-04-15 14:25:11.588265984,28930739,T,GBTC,58.295000,20,610489588,REGULAR_HOURS|ODD_LOT
2024-04-15 14:25:11.588267008,28930740,T,GBTC,58.300000,97,610489603,REGULAR_HOURS|ODD_LOT
2024-04-15 14:25:19.664966912,29007178,T,GBTC,58.350000,100,611995313,REGULAR_HOURS
2024-04-15 14:25:19.664978944,29007179,T,GBTC,58.350000,27,611995319,REGULAR_HOURS|ODD_LOT
2024-04-15 14:25:39.317012992,29168054,T,GBTC,58.310000,28,615179097,REGULAR_HOURS|ODD_LOT
2024-04-15 14:25:39.317063936,29168057,T,GBTC,58.310000,72,615179123,REGULAR_HOURS|ODD_LOT
2024-04-15 14:25:39.318233088,29168072,T,GBTC,58.310000,100,615179421,REGULAR_HOURS
2024-04-15 14:25:39.428491008,29168719,T,GBTC,58.310000,83,615192010,REGULAR_HOURS|ODD_LOT
2024-04-15 14:25:41.879262976,29189562,T,GBTC,58.300000,44,615604782,REGULAR_HOURS|ODD_LOT
2024-04-15 14:25:41.879749888,29189569,T,GBTC,58.300000,20,615604923,REGULAR_HOURS|ODD_LOT
2024-04-15 14:25:50.860743936,29262943,T,GBTC,58.270000,100,617028333,REGULAR_HOURS
2024-04-15 14:25:50.860809984,29262944,T,GBTC,58.270000,100,617028338,REGULAR_HOURS
2024-04-15 14:25:50.882029056,29263055,T,GBTC,58.270000,100,617030585,REGULAR_HOURS
2024-04-15 14:25:50.894279936,29263223,T,GBTC,58.270000,99,617033546,REGULAR_HOURS|ODD_LOT
2024-04-15 14:26:24.324275968,29548343,T,GBTC,58.290000,48,622741923,REGULAR_HOURS|ODD_LOT
2024-04-15 14:26:24.324279040,29548346,T,GBTC,58.290000,20,622741932,REGULAR_HOURS|ODD_LOT
2024-04-15 14:26:24.324281088,29548348,T,GBTC,58.290000,32,622741939,REGULAR_HOURS|ODD_LOT
2024-04-15 14:26:37.299911936,29653544,T,GBTC,58.310000,36,624776452,REGULAR_HOURS|ODD_LOT
2024-04-15 14:26:37.299933952,29653546,T,GBTC,58.310000,64,624776459,REGULAR_HOURS|ODD_LOT
2024-04-15 14:26:55.021001984,29770342,T,GBTC,58.310000,58,627055039,REGULAR_HOURS|ODD_LOT
2024-04-15 14:27:02.100495104,29825981,T,GBTC,58.340000,100,628151694,REGULAR_HOURS
2024-04-15 14:27:02.303475968,29828895,T,GBTC,58.340000,94,628207210,REGULAR_HOURS|ODD_LOT
2024-04-15 14:27:08.751770880,29868348,T,GBTC,58.290000,100,629019461,INTERMARKET_SWEEP|REGULAR_HOURS
2024-04-15 14:27:23.417240064,30003841,T,GBTC,58.300000,100,631679844,REGULAR_HOURS
2024-04-15 14:27:23.417241088,30003842,T,GBTC,58.300000,27,631679866,REGULAR_HOURS|ODD_LOT
2024-04-15 14:27:40.955817984,30157296,T,GBTC,58.260000,63,634697532,REGULAR_HOURS|ODD_LOT
2024-04-15 14:27:40.955886080,30157298,T,GBTC,58.260000,37,634697555,REGULAR_HOURS|ODD_LOT
2024-04-15 14:27:41.124716032,30160912,T,GBTC,58.260000,63,634777963,REGULAR_HOURS|ODD_LOT
2024-04-15 14:27:41.518572032,30168587,T,GBTC,58.240000,100,634922132,REGULAR_HOURS
2024-04-15 14:27:47.026994944,30220742,T,GBTC,58.190000,100,635949155,REGULAR_HOURS
2024-04-15 14:27:47.029799936,30220811,T,GBTC,58.185000,100,635950336,INTERMARKET_SWEEP|REGULAR_HOURS
2024-04-15 14:27:47.030119936,30220812,T,GBTC,58.185000,150,635950349,INTERMARKET_SWEEP|REGULAR_HOURS
2024-04-15 14:27:47.030121984,30220814,T,GBTC,58.180000,8,635950364,INTERMARKET_SWEEP|REGULAR_HOURS|ODD_LOT
2024-04-15 14:27:47.030123008,30220815,T,GBTC,58.180000,29,635950380,INTERMARKET_SWEEP|REGULAR_HOURS|ODD_LOT
2024-04-15 14:27:47.041993984,30221020,T,GBTC,58.160000,100,635955105,INTERMARKET_SWEEP|REGULAR_HOURS
2024-04-15 14:27:47.066199040,30221806,T,GBTC,58.160000,100,635969925,INTERMARKET_SWEEP|REGULAR_HOURS
2024-04-15 14:27:47.133405952,30222506,T,GBTC,58.170000,100,635982847,REGULAR_HOURS
2024-04-15 14:27:47.164030976,30222698,T,GBTC,58.180000,100,635986916,REGULAR_HOURS
2024-04-15 14:27:47.222796032,30223294,T,GBTC,58.190000,100,635997653,INTERMARKET_SWEEP|REGULAR_HOURS
2024-04-15 14:27:47.222809088,30223295,T,GBTC,58.190000,100,635997662,INTERMARKET_SWEEP|REGULAR_HOURS
2024-04-15 14:27:47.222821888,30223296,T,GBTC,58.190000,100,635997670,INTERMARKET_SWEEP|REGULAR_HOURS
2024-04-15 14:27:49.776830976,30245945,T,GBTC,58.120000,100,636441908,INTERMARKET_SWEEP|REGULAR_HOURS
2024-04-15 14:27:49.776850944,30245947,T,GBTC,58.120000,100,636441953,INTERMARKET_SWEEP|REGULAR_HOURS
2024-04-15 14:27:50.134192896,30250973,T,GBTC,58.110000,100,636538623,INTERMARKET_SWEEP|REGULAR_HOURS
2024-04-15 14:27:51.110934016,30258939,T,GBTC,58.140000,78,636696466,REGULAR_HOURS|ODD_LOT
2024-04-15 14:27:52.183586048,30267866,T,GBTC,58.130000,100,636879324,REGULAR_HOURS
2024-04-15 14:28:02.364922112,30369949,T,GBTC,58.140000,100,638842202,REGULAR_HOURS
2024-04-15 14:28:02.364936960,30369950,T,GBTC,58.140000,6,638842207,REGULAR_HOURS|ODD_LOT
2024-04-15 14:28:17.306520064,30507271,T,GBTC,58.120000,100,641495838,INTERMARKET_SWEEP|REGULAR_HOURS
2024-04-15 14:28:23.174086912,30566073,T,GBTC,58.160000,100,642644144,INTERMARKET_SWEEP|REGULAR_HOURS
2024-04-15 14:28:43.230622976,30731727,T,GBTC,58.210000,100,645963443,REGULAR_HOURS
2024-04-15 14:28:44.267975936,30737995,T,GBTC,58.210000,55,646083643,REGULAR_HOURS|ODD_LOT
2024-04-15 14:28:44.268569088,30738014,T,GBTC,58.210000,22,646083860,REGULAR_HOURS|ODD_LOT
2024-04-15 14:28:58.225960960,30853684,T,GBTC,58.210000,14,648356371,REGULAR_HOURS|ODD_LOT
2024-04-15 14:29:19.948780032,31033244,T,GBTC,58.240000,100,651951931,INTERMARKET_SWEEP|REGULAR_HOURS
2024-04-15 14:29:27.812108032,31141257,T,GBTC,58.250000,100,654114902,REGULAR_HOURS
2024-04-15 14:29:27.812215040,31141258,T,GBTC,58.250000,1,654114908,REGULAR_HOURS|ODD_LOT
2024-04-15 14:29:27.871993088,31141546,T,GBTC,58.245000,13,654121284,REGULAR_HOURS|ODD_LOT
2024-04-15 14:29:27.928499968,31141802,T,GBTC,58.245000,7,654126461,REGULAR_HOURS|ODD_LOT
2024-04-15 14:30:05.057839104,31520241,T,GBTC,58.260000,32,661773566,REGULAR_HOURS|ODD_LOT
2024-04-15 14:30:05.058158080,31520302,T,GBTC,58.260000,68,661774692,REGULAR_HOURS|ODD_LOT
2024-04-15 14:30:05.066192896,31521190,T,GBTC,58.260000,100,661793777,REGULAR_HOURS
2024-04-15 14:30:05.214192896,31523418,T,GBTC,58.270000,46,661843886,REGULAR_HOURS|ODD_LOT
2024-04-15 14:30:05.219045888,31523445,T,GBTC,58.270000,54,661844358,REGULAR_HOURS|ODD_LOT
2024-04-15 14:30:05.219109120,31523446,T,GBTC,58.270000,39,661844363,REGULAR_HOURS|ODD_LOT
2024-04-15 14:30:08.563920896,31551647,T,GBTC,58.270000,59,662440878,REGULAR_HOURS|ODD_LOT
2024-04-15 14:30:12.465752064,31593888,T,GBTC,58.260000,100,663335469,INTERMARKET_SWEEP|REGULAR_HOURS
2024-04-15 14:30:19.342676992,31664763,T,GBTC,58.280000,8,664806778,REGULAR_HOURS|ODD_LOT
2024-04-15 14:30:36.371899904,31841618,T,GBTC,58.330000,100,668551168,REGULAR_HOURS
2024-04-15 14:30:36.372061952,31841620,T,GBTC,58.330000,1,668551174,REGULAR_HOURS|ODD_LOT
2024-04-15 14:31:22.504516096,32269872,T,GBTC,58.310000,100,677474849,INTERMARKET_SWEEP|REGULAR_HOURS
2024-04-15 14:31:22.504539904,32269873,T,GBTC,58.310000,100,677474857,INTERMARKET_SWEEP|REGULAR_HOURS
2024-04-15 14:31:22.504548096,32269874,T,GBTC,58.310000,100,677474863,INTERMARKET_SWEEP|REGULAR_HOURS
2024-04-15 14:31:22.504562944,32269875,T,GBTC,58.310000,100,677474878,INTERMARKET_SWEEP|REGULAR_HOURS
2024-04-15 14:31:22.504580096,32269876,T,GBTC,58.310000,100,677474888,INTERMARKET_SWEEP|REGULAR_HOURS
2024-04-15 14:31:28.580492032,32318342,T,GBTC,58.340000,100,678466030,REGULAR_HOURS
2024-04-15 14:31:32.346420992,32344315,T,GBTC,58.350000,100,679030079,INTERMARKET_SWEEP|REGULAR_HOURS
2024-04-15 14:31:32.387302912,32344568,T,GBTC,58.350000,100,679034927,REGULAR_HOURS
2024-04-15 14:31:32.387304960,32344569,T,GBTC,58.350000,100,679034933,REGULAR_HOURS
2024-04-15 14:31:32.646134016,32345968,T,GBTC,58.350000,100,679063171,INTERMARKET_SWEEP|REGULAR_HOURS
2024-04-15 14:31:32.667907072,32346047,T,GBTC,58.350000,100,679065425,INTERMARKET_SWEEP|REGULAR_HOURS
2024-04-15 14:31:32.709608960,32346213,T,GBTC,58.350000,100,679068572,INTERMARKET_SWEEP|REGULAR_HOURS
2024-04-15 14:31:33.894087936,32352269,T,GBTC,58.350000,100,679203419,INTERMARKET_SWEEP|REGULAR_HOURS
2024-04-15 14:31:39.803727872,32387674,T,GBTC,58.360000,100,679962599,INTERMARKET_SWEEP|REGULAR_HOURS
2024-04-15 14:31:40.811991040,32393265,T,GBTC,58.360000,100,680084766,INTERMARKET_SWEEP|REGULAR_HOURS
2024-04-15 14:31:40.812022016,32393266,T,GBTC,58.360000,40,680084771,INTERMARKET_SWEEP|REGULAR_HOURS|ODD_LOT
2024-04-15 14:31:40.859400960,32393606,T,GBTC,58.350000,100,680091197,INTERMARKET_SWEEP|REGULAR_HOURS
2024-04-15 14:31:46.964459008,32442013,T,GBTC,58.360000,28,681085784,REGULAR_HOURS|ODD_LOT
2024-04-15 14:31:46.964493056,32442015,T,GBTC,58.360000,72,681085792,REGULAR_HOURS|ODD_LOT
2024-04-15 14:31:46.965933056,32442026,T,GBTC,58.360000,25,681086005,REGULAR_HOURS|ODD_LOT
2024-04-15 14:31:48.725080064,32457717,T,GBTC,58.360000,100,681396581,INTERMARKET_SWEEP|REGULAR_HOURS
2024-04-15 14:32:25.056239104,32736661,T,GBTC,58.320000,100,687123302,REGULAR_HOURS
2024-04-15 14:32:25.056253952,32736662,T,GBTC,58.320000,100,687123307,REGULAR_HOURS
2024-04-15 14:32:27.103608064,32754898,T,GBTC,58.320000,100,687502950,REGULAR_HOURS
2024-04-15 14:33:10.431409920,33059374,T,GBTC,58.290000,100,693603186,INTERMARKET_SWEEP|REGULAR_HOURS
2024-04-15 14:33:22.786780928,33135468,T,GBTC,58.290000,100,695156706,INTERMARKET_SWEEP|REGULAR_HOURS
2024-04-15 14:34:55.019062016,33908316,T,GBTC,58.250000,100,710404084,INTERMARKET_SWEEP|REGULAR_HOURS
2024-04-15 14:36:21.601586944,34681802,T,GBTC,58.200000,100,725891342,INTERMARKET_SWEEP|REGULAR_HOURS
2024-04-15 14:36:35.987002880,34820932,T,GBTC,58.250000,100,728686567,INTERMARKET_SWEEP|REGULAR_HOURS|TRADE_THROUGH_EXEMPT
2024-04-15 14:36:35.987036928,34820933,T,GBTC,58.250000,100,728686573,INTERMARKET_SWEEP|REGULAR_HOURS|TRADE_THROUGH_EXEMPT
2024-04-15 14:36:36.443344896,34824314,T,GBTC,58.250000,100,728750744,REGULAR_HOURS
2024-04-15 14:36:36.443358976,34824315,T,GBTC,58.250000,100,728750750,REGULAR_HOURS
2024-04-15 14:36:38.401836032,34846886,T,GBTC,58.230000,100,729188413,INTERMARKET_SWEEP|REGULAR_HOURS
2024-04-15 14:36:38.401928960,34846887,T,GBTC,58.230000,100,729188426,INTERMARKET_SWEEP|REGULAR_HOURS
2024-04-15 14:36:38.401929984,34846888,T,GBTC,58.230000,100,729188434,INTERMARKET_SWEEP|REGULAR_HOURS
2024-04-15 14:36:45.922820096,34930422,T,GBTC,58.260000,100,730783248,INTERMARKET_SWEEP|REGULAR_HOURS
2024-04-15 14:37:14.406793984,35260501,T,GBTC,58.290000,100,737087456,INTERMARKET_SWEEP|REGULAR_HOURS
2024-04-15 14:38:07.667888128,35957003,T,GBTC,58.105000,100,751037328,INTERMARKET_SWEEP|REGULAR_HOURS
2024-04-15 14:38:07.667898880,35957004,T,GBTC,58.100000,100,751037337,INTERMARKET_SWEEP|REGULAR_HOURS
2024-04-15 14:38:11.369736960,35993613,T,GBTC,58.070000,100,751778907,INTERMARKET_SWEEP|REGULAR_HOURS
2024-04-15 14:39:08.294160896,36708365,T,GBTC,58.040000,100,766003734,REGULAR_HOURS
2024-04-15 14:39:09.152698880,36723454,T,GBTC,58.030000,100,766293731,REGULAR_HOURS
2024-04-15 14:39:09.152699904,36723456,T,GBTC,58.030000,100,766293738,REGULAR_HOURS
2024-04-15 14:39:09.152699904,36723457,T,GBTC,58.030000,100,766293743,REGULAR_HOURS
2024-04-15 14:39:09.152700928,36723458,T,GBTC,58.030000,100,766293748,REGULAR_HOURS
2024-04-15 14:39:09.160648960,36723525,T,GBTC,58.030000,100,766294985,REGULAR_HOURS
2024-04-15 14:39:09.160649984,36723526,T,GBTC,58.030000,100,766294990,REGULAR_HOURS
2024-04-15 14:39:11.723740928,36756640,T,GBTC,58.000000,61,766959204,REGULAR_HOURS|ODD_LOT
2024-04-15 14:39:13.646628096,36772166,T,GBTC,57.990000,100,767278323,INTERMARKET_SWEEP|REGULAR_HOURS
2024-04-15 14:39:13.646650880,36772167,T,GBTC,57.990000,100,767278337,INTERMARKET_SWEEP|REGULAR_HOURS
2024-04-15 14:39:13.811738112,36773316,T,GBTC,57.990000,2,767301379,REGULAR_HOURS|ODD_LOT
2024-04-15 14:39:29.738285056,36936027,T,GBTC,57.980000,100,770491297,INTERMARKET_SWEEP|REGULAR_HOURS
2024-04-15 14:39:36.246660096,36998632,T,GBTC,57.960000,100,771716117,INTERMARKET_SWEEP|REGULAR_HOURS
2024-04-15 14:39:51.121691904,37130160,T,GBTC,57.910000,100,774336800,INTERMARKET_SWEEP|REGULAR_HOURS
2024-04-15 14:39:51.121724928,37130162,T,GBTC,57.910000,100,774336811,INTERMARKET_SWEEP|REGULAR_HOURS
2024-04-15 14:40:11.879912960,37374132,T,GBTC,57.920000,100,779163450,INTERMARKET_SWEEP|REGULAR_HOURS
2024-04-15 14:40:11.946717952,37375245,T,GBTC,57.920000,100,779183087,INTERMARKET_SWEEP|REGULAR_HOURS
2024-04-15 14:40:12.707881984,37384927,T,GBTC,57.920000,100,779376593,INTERMARKET_SWEEP|REGULAR_HOURS
2024-04-15 14:40:37.310814976,37632685,T,GBTC,57.900000,100,784282338,REGULAR_HOURS
2024-04-15 14:40:52.067566080,37758022,T,GBTC,57.910000,58,786719575,REGULAR_HOURS|ODD_LOT
2024-04-15 14:41:03.010322944,37942314,T,GBTC,57.950000,100,790686720,INTERMARKET_SWEEP|REGULAR_HOURS
2024-04-15 14:41:03.010323968,37942315,T,GBTC,57.950000,100,790686729,INTERMARKET_SWEEP|REGULAR_HOURS
2024-04-15 14:41:03.010324992,37942316,T,GBTC,57.950000,100,790686739,INTERMARKET_SWEEP|REGULAR_HOURS
2024-04-15 14:41:03.010326016,37942318,T,GBTC,57.950000,100,790686750,INTERMARKET_SWEEP|REGULAR_HOURS
2024-04-15 14:41:23.394232064,38122486,T,GBTC,57.850000,100,794430162,INTERMARKET_SWEEP|REGULAR_HOURS
2024-04-15 14:41:23.394242048,38122487,T,GBTC,57.850000,100,794430171,INTERMARKET_SWEEP|REGULAR_HOURS
2024-04-15 14:41:23.423931904,38122917,T,GBTC,57.845000,100,794439832,REGULAR_HOURS
2024-04-15 14:41:23.578596096,38125392,T,GBTC,57.840000,100,794491325,INTERMARKET_SWEEP|REGULAR_HOURS
2024-04-15 14:41:31.205987072,38202670,T,GBTC,57.785000,10,795986114,REGULAR_HOURS|ODD_LOT
2024-04-15 14:41:31.206040064,38202671,T,GBTC,57.785000,15,795986119,REGULAR_HOURS|ODD_LOT
2024-04-15 14:41:33.088263936,38220729,T,GBTC,57.790000,100,796334928,INTERMARKET_SWEEP|REGULAR_HOURS
2024-04-15 14:41:33.129853952,38220984,T,GBTC,57.790000,5,796339905,REGULAR_HOURS|ODD_LOT
2024-04-15 14:41:34.121560064,38227378,T,GBTC,57.770000,100,796470833,INTERMARKET_SWEEP|REGULAR_HOURS
2024-04-15 14:41:34.462532096,38231869,T,GBTC,57.800000,64,796557187,REGULAR_HOURS|ODD_LOT
2024-04-15 14:41:34.462568960,38231871,T,GBTC,57.800000,36,796557198,REGULAR_HOURS|ODD_LOT
2024-04-15 14:41:34.462640896,38231872,T,GBTC,57.800000,100,796557203,REGULAR_HOURS
2024-04-15 14:41:34.462642944,38231873,T,GBTC,57.800000,100,796557208,REGULAR_HOURS
2024-04-15 14:41:34.462643968,38231874,T,GBTC,57.800000,22,796557213,REGULAR_HOURS|ODD_LOT
2024-04-15 14:41:55.463610112,38398372,T,GBTC,57.870000,100,799877531,REGULAR_HOURS
2024-04-15 14:41:56.419193088,38409498,T,GBTC,57.910000,100,800105981,INTERMARKET_SWEEP|REGULAR_HOURS
2024-04-15 14:42:01.695578880,38479600,T,GBTC,57.930000,100,801481813,INTERMARKET_SWEEP|REGULAR_HOURS
2024-04-15 14:42:12.752634880,38595596,T,GBTC,57.890000,100,803755514,INTERMARKET_SWEEP|REGULAR_HOURS
2024-04-15 14:42:45.546812928,38851974,T,GBTC,57.900000,100,808811689,REGULAR_HOURS
2024-04-15 14:42:45.546977024,38851975,T,GBTC,57.900000,100,808811694,REGULAR_HOURS
2024-04-15 14:42:53.740859904,38906187,T,GBTC,57.810000,100,809906284,REGULAR_HOURS
2024-04-15 14:42:53.740875008,38906188,T,GBTC,57.810000,100,809906289,REGULAR_HOURS
2024-04-15 14:43:12.921200128,39094115,T,GBTC,57.800000,91,813784428,REGULAR_HOURS|ODD_LOT
2024-04-15 14:43:13.852979968,39102624,T,GBTC,57.800000,100,813956158,INTERMARKET_SWEEP|REGULAR_HOURS
2024-04-15 14:43:16.898566912,39125859,T,GBTC,57.760000,100,814445603,INTERMARKET_SWEEP|REGULAR_HOURS
2024-04-15 14:43:16.898654976,39125860,T,GBTC,57.760000,100,814445611,INTERMARKET_SWEEP|REGULAR_HOURS
2024-04-15 14:43:17.096549888,39127362,T,GBTC,57.760000,100,814475449,INTERMARKET_SWEEP|REGULAR_HOURS
2024-04-15 14:43:18.335744000,39148667,T,GBTC,57.740000,100,814889689,INTERMARKET_SWEEP|REGULAR_HOURS
2024-04-15 14:43:19.417680896,39176327,T,GBTC,57.720000,100,815450401,REGULAR_HOURS
2024-04-15 14:43:23.286213888,39209638,T,GBTC,57.720000,100,816115981,INTERMARKET_SWEEP|REGULAR_HOURS
2024-04-15 14:43:25.038821888,39221864,T,GBTC,57.720000,100,816371691,INTERMARKET_SWEEP|REGULAR_HOURS
2024-04-15 14:43:28.722989056,39255694,T,GBTC,57.690000,100,817009700,INTERMARKET_SWEEP|REGULAR_HOURS
2024-04-15 14:43:30.409635072,39276036,T,GBTC,57.700000,100,817407791,REGULAR_HOURS
2024-04-15 14:44:06.842501888,39575881,T,GBTC,57.700000,100,823203361,INTERMARKET_SWEEP|REGULAR_HOURS
2024-04-15 14:44:16.121552896,39713375,T,GBTC,57.750000,100,825910590,REGULAR_HOURS
2024-04-15 14:44:16.121605120,39713376,T,GBTC,57.750000,100,825910599,REGULAR_HOURS
2024-04-15 14:44:30.402807040,39825400,T,GBTC,57.750000,100,828048655,INTERMARKET_SWEEP|REGULAR_HOURS
2024-04-15 14:44:43.592357120,39943709,T,GBTC,57.780000,100,830355413,INTERMARKET_SWEEP|REGULAR_HOURS
2024-04-15 14:44:43.592379904,39943711,T,GBTC,57.780000,100,830355424,INTERMARKET_SWEEP|REGULAR_HOURS
2024-04-15 14:44:43.592379904,39943712,T,GBTC,57.780000,100,830355430,INTERMARKET_SWEEP|REGULAR_HOURS
2024-04-15 14:45:03.849768960,40115858,T,GBTC,57.770000,100,833716044,INTERMARKET_SWEEP|REGULAR_HOURS
2024-04-15 14:45:03.849853952,40115861,T,GBTC,57.770000,100,833716054,INTERMARKET_SWEEP|REGULAR_HOURS
2024-04-15 14:45:18.126359040,40253896,T,GBTC,57.765000,90,836382435,REGULAR_HOURS|ODD_LOT
2024-04-15 14:45:52.703153920,40498613,T,GBTC,57.800000,100,841094588,INTERMARKET_SWEEP|REGULAR_HOURS
2024-04-15 14:45:57.600712960,40542077,T,GBTC,57.800000,15,841917662,REGULAR_HOURS|ODD_LOT
2024-04-15 14:45:57.600716032,40542079,T,GBTC,57.800000,9,841917671,REGULAR_HOURS|ODD_LOT
2024-04-15 14:46:01.072869120,40572781,T,GBTC,57.820000,100,842487721,REGULAR_HOURS
2024-04-15 14:46:01.072875008,40572782,T,GBTC,57.820000,100,842487726,REGULAR_HOURS
2024-04-15 14:46:02.607698944,40601644,T,GBTC,57.840000,100,843059137,REGULAR_HOURS
2024-04-15 14:46:02.621626880,40601752,T,GBTC,57.840000,100,843061414,INTERMARKET_SWEEP|REGULAR_HOURS
2024-04-15 14:46:46.001145088,40965426,T,GBTC,57.630000,100,849853343,INTERMARKET_SWEEP|REGULAR_HOURS
2024-04-15 14:46:49.638845952,41002291,T,GBTC,57.650000,100,850591265,INTERMARKET_SWEEP|REGULAR_HOURS
2024-04-15 14:46:54.403034112,41052740,T,GBTC,57.605000,100,851567202,REGULAR_HOURS
2024-04-15 14:46:55.153293056,41058946,T,GBTC,57.570000,100,851691256,INTERMARKET_SWEEP|REGULAR_HOURS
2024-04-15 14:46:56.385832960,41067222,T,GBTC,57.540000,100,851845589,INTERMARKET_SWEEP|REGULAR_HOURS
2024-04-15 14:46:56.494845952,41068299,T,GBTC,57.530000,100,851867828,INTERMARKET_SWEEP|REGULAR_HOURS
2024-04-15 14:46:56.519707904,41068897,T,GBTC,57.550000,100,851879371,INTERMARKET_SWEEP|REGULAR_HOURS
2024-04-15 14:46:56.540357120,41069088,T,GBTC,57.530000,24,851882649,REGULAR_HOURS|ODD_LOT
2024-04-15 14:46:57.037505024,41073679,T,GBTC,57.540000,100,851966750,INTERMARKET_SWEEP|REGULAR_HOURS
2024-04-15 14:47:04.037101056,41130090,T,GBTC,57.500000,11,853024078,INTERMARKET_SWEEP|REGULAR_HOURS|ODD_LOT
2024-04-15 14:47:04.037114880,41130091,T,GBTC,57.500000,36,853024097,INTERMARKET_SWEEP|REGULAR_HOURS|ODD_LOT
2024-04-15 14:47:04.037126912,41130092,T,GBTC,57.500000,100,853024114,INTERMARKET_SWEEP|REGULAR_HOURS
2024-04-15 14:47:04.039325952,41130111,T,GBTC,57.505000,7,853024581,REGULAR_HOURS|ODD_LOT
2024-04-15 14:47:05.118380032,41141996,T,GBTC,57.520000,100,853262262,INTERMARKET_SWEEP|REGULAR_HOURS
2024-04-15 14:47:06.676367104,41153008,T,GBTC,57.550000,100,853482521,INTERMARKET_SWEEP|REGULAR_HOURS
2024-04-15 14:47:15.088313088,41211312,T,GBTC,57.610000,100,854592655,REGULAR_HOURS
2024-04-15 14:47:15.449367040,41213469,T,GBTC,57.620000,100,854635901,REGULAR_HOURS
2024-04-15 14:47:15.449449984,41213470,T,GBTC,57.620000,100,854635912,REGULAR_HOURS
2024-04-15 14:47:15.450614016,41213489,T,GBTC,57.620000,100,854636147,REGULAR_HOURS
2024-04-15 14:47:15.450678016,41213490,T,GBTC,57.620000,100,854636153,REGULAR_HOURS
2024-04-15 14:47:15.463952896,41213560,T,GBTC,57.620000,100,854637530,REGULAR_HOURS
2024-04-15 14:47:15.908468992,41215748,T,GBTC,57.620000,200,854680742,REGULAR_HOURS
2024-04-15 14:47:58.458096128,41546258,T,GBTC,57.500000,1,861057715,REGULAR_HOURS|ODD_LOT
2024-04-15 14:48:01.513684992,41580228,T,GBTC,57.470000,100,861714413,INTERMARKET_SWEEP|REGULAR_HOURS
2024-04-15 14:48:02.488996096,41590388,T,GBTC,57.420000,100,861906647,REGULAR_HOURS
2024-04-15 14:48:02.488997120,41590389,T,GBTC,57.420000,100,861906652,REGULAR_HOURS
2024-04-15 14:48:03.193711104,41597876,T,GBTC,57.410000,100,862040557,INTERMARKET_SWEEP|REGULAR_HOURS
2024-04-15 14:48:03.576558080,41600416,T,GBTC,57.420000,1,862086627,REGULAR_HOURS|ODD_LOT
2024-04-15 14:48:05.498784000,41611325,T,GBTC,57.410000,100,862298056,INTERMARKET_SWEEP|REGULAR_HOURS
2024-04-15 14:48:25.446187008,41765422,T,GBTC,57.450000,100,865268164,INTERMARKET_SWEEP|REGULAR_HOURS
2024-04-15 14:48:42.737250048,41901695,T,GBTC,57.340000,100,867895621,INTERMARKET_SWEEP|REGULAR_HOURS
2024-04-15 14:48:42.737320960,41901696,T,GBTC,57.340000,100,867895654,INTERMARKET_SWEEP|REGULAR_HOURS
2024-04-15 14:48:43.158128896,41903944,T,GBTC,57.340000,100,867937742,INTERMARKET_SWEEP|REGULAR_HOURS
2024-04-15 14:48:46.846670080,41934773,T,GBTC,57.370000,66,868584636,REGULAR_HOURS|ODD_LOT
2024-04-15 14:48:48.676707072,41996283,T,GBTC,57.370000,100,869881294,INTERMARKET_SWEEP|REGULAR_HOURS
2024-04-15 14:48:48.676709120,41996286,T,GBTC,57.370000,100,869881323,INTERMARKET_SWEEP|REGULAR_HOURS
2024-04-15 14:48:54.838649088,42043745,T,GBTC,57.340000,100,870914381,INTERMARKET_SWEEP|REGULAR_HOURS
2024-04-15 14:48:55.624154880,42054370,T,GBTC,57.330000,100,871157742,INTERMARKET_SWEEP|REGULAR_HOURS
2024-04-15 14:49:02.005075968,42133443,T,GBTC,57.380000,100,872811292,INTERMARKET_SWEEP|REGULAR_HOURS
2024-04-15 14:49:02.005106944,42133446,T,GBTC,57.380000,100,872811310,INTERMARKET_SWEEP|REGULAR_HOURS
2024-04-15 14:49:02.467970048,42143176,T,GBTC,57.380000,1,873031131,REGULAR_HOURS|ODD_LOT
2024-04-15 14:49:05.580573952,42170084,T,GBTC,57.400000,1,873626523,REGULAR_HOURS|ODD_LOT
2024-04-15 14:49:11.306553088,42220256,T,GBTC,57.335000,100,874676500,REGULAR_HOURS
2024-04-15 14:49:32.290102016,42424907,T,GBTC,57.330000,1,878601245,REGULAR_HOURS|ODD_LOT
2024-04-15 14:49:33.051472896,42433051,T,GBTC,57.350000,100,878755726,REGULAR_HOURS
2024-04-15 14:49:44.744347904,42509102,T,GBTC,57.370000,100,880276203,INTERMARKET_SWEEP|REGULAR_HOURS
2024-04-15 14:49:44.922146048,42510461,T,GBTC,57.360000,100,880302676,INTERMARKET_SWEEP|REGULAR_HOURS
2024-04-15 14:49:44.922277120,42510462,T,GBTC,57.360000,100,880302686,INTERMARKET_SWEEP|REGULAR_HOURS
2024-04-15 14:50:02.309275904,42631309,T,GBTC,57.410000,100,882678238,INTERMARKET_SWEEP|REGULAR_HOURS
2024-04-15 14:50:17.720112896,42752010,T,GBTC,57.425000,100,885081235,INTERMARKET_SWEEP|REGULAR_HOURS
2024-04-15 14:50:17.720113920,42752011,T,GBTC,57.430000,100,885081245,INTERMARKET_SWEEP|REGULAR_HOURS
2024-04-15 14:50:21.494780928,42775558,T,GBTC,57.380000,100,885544664,INTERMARKET_SWEEP|REGULAR_HOURS
2024-04-15 14:50:28.626190080,42832287,T,GBTC,57.320000,100,886661343,INTERMARKET_SWEEP|REGULAR_HOURS
2024-04-15 14:50:40.595511040,42923866,T,GBTC,57.390000,100,888439884,INTERMARKET_SWEEP|REGULAR_HOURS
2024-04-15 14:50:43.115845120,42945212,T,GBTC,57.370000,100,888853647,INTERMARKET_SWEEP|REGULAR_HOURS
2024-04-15 14:50:55.220080128,43022930,T,GBTC,57.430000,100,890376380,INTERMARKET_SWEEP|REGULAR_HOURS
2024-04-15 14:50:57.179268096,43032956,T,GBTC,57.410000,100,890574099,INTERMARKET_SWEEP|REGULAR_HOURS
2024-04-15 14:50:59.258096128,43041676,T,GBTC,57.400000,100,890753617,INTERMARKET_SWEEP|REGULAR_HOURS
2024-04-15 14:51:02.305788928,43073846,T,GBTC,57.370000,100,891363752,INTERMARKET_SWEEP|REGULAR_HOURS
2024-04-15 14:51:21.451053056,43196255,T,GBTC,57.300000,100,893704446,INTERMARKET_SWEEP|REGULAR_HOURS
2024-04-15 14:51:23.638257920,43230308,T,GBTC,57.250000,100,894362490,REGULAR_HOURS
2024-04-15 14:51:23.638258944,43230309,T,GBTC,57.250000,100,894362509,REGULAR_HOURS
2024-04-15 14:51:30.374486016,43304540,T,GBTC,57.360000,100,895802529,INTERMARKET_SWEEP|REGULAR_HOURS
2024-04-15 14:51:43.354515968,43403439,T,GBTC,57.360000,100,897724367,INTERMARKET_SWEEP|REGULAR_HOURS
2024-04-15 14:51:50.935671040,43451856,T,GBTC,57.400000,100,898643202,INTERMARKET_SWEEP|REGULAR_HOURS
2024-04-15 14:51:52.842056960,43464606,T,GBTC,57.410000,100,898881476,INTERMARKET_SWEEP|REGULAR_HOURS
2024-04-15 14:52:01.402735104,43527323,T,GBTC,57.450000,100,900100333,INTERMARKET_SWEEP|REGULAR_HOURS
2024-04-15 14:52:02.770821120,43538884,T,GBTC,57.450000,100,900331630,INTERMARKET_SWEEP|REGULAR_HOURS
2024-04-15 14:52:03.219162880,43541304,T,GBTC,57.450000,100,900382622,INTERMARKET_SWEEP|REGULAR_HOURS
2024-04-15 14:52:14.840864000,43664314,T,GBTC,57.410000,100,902714633,INTERMARKET_SWEEP|REGULAR_HOURS
2024-04-15 14:53:11.694969088,44071152,T,GBTC,57.570000,200,910514371,INTERMARKET_SWEEP|REGULAR_HOURS
2024-04-15 14:53:11.695052032,44071153,T,GBTC,57.570000,100,910514380,INTERMARKET_SWEEP|REGULAR_HOURS
2024-04-15 14:53:11.776704000,44071608,T,GBTC,57.580000,100,910522134,INTERMARKET_SWEEP|REGULAR_HOURS
2024-04-15 14:53:15.460983040,44098398,T,GBTC,57.540000,100,911020852,INTERMARKET_SWEEP|REGULAR_HOURS
2024-04-15 14:53:17.820954880,44110545,T,GBTC,57.550000,100,911253680,INTERMARKET_SWEEP|REGULAR_HOURS
2024-04-15 14:54:22.478105088,44670492,T,GBTC,57.370000,100,921889674,REGULAR_HOURS
2024-04-15 14:54:22.579254016,44671330,T,GBTC,57.370000,100,921903984,INTERMARKET_SWEEP|REGULAR_HOURS
2024-04-15 14:54:22.638528000,44671970,T,GBTC,57.370000,100,921913540,INTERMARKET_SWEEP|REGULAR_HOURS
2024-04-15 14:54:29.319323904,44719934,T,GBTC,57.350000,100,922826065,INTERMARKET_SWEEP|REGULAR_HOURS
2024-04-15 14:55:27.555760128,45117826,T,GBTC,57.460000,100,930543599,INTERMARKET_SWEEP|REGULAR_HOURS
2024-04-15 14:55:42.412530944,45200769,T,GBTC,57.400000,100,932233655,INTERMARKET_SWEEP|REGULAR_HOURS
2024-04-15 14:55:42.992125952,45204753,T,GBTC,57.390000,100,932312942,INTERMARKET_SWEEP|REGULAR_HOURS
2024-04-15 14:55:46.629652992,45228964,T,GBTC,57.410000,100,932752782,INTERMARKET_SWEEP|REGULAR_HOURS
2024-04-15 14:57:01.795785984,45789465,T,GBTC,57.490000,10,943625175,REGULAR_HOURS|ODD_LOT
2024-04-15 14:57:38.708037120,46039139,T,GBTC,57.370000,100,948473611,INTERMARKET_SWEEP|REGULAR_HOURS
2024-04-15 14:57:38.708037888,46039141,T,GBTC,57.370000,100,948473627,INTERMARKET_SWEEP|REGULAR_HOURS
2024-04-15 14:57:38.724280064,46039300,T,GBTC,57.370000,100,948476846,INTERMARKET_SWEEP|REGULAR_HOURS
2024-04-15 14:57:42.444378112,46074114,T,GBTC,57.370000,100,949137384,INTERMARKET_SWEEP|REGULAR_HOURS
2024-04-15 14:57:47.317504000,46110432,T,GBTC,57.400000,100,949811157,INTERMARKET_SWEEP|REGULAR_HOURS
2024-04-15 14:57:49.358138880,46126590,T,GBTC,57.410000,100,950093062,INTERMARKET_SWEEP|REGULAR_HOURS
2024-04-15 14:58:09.501974016,46268097,T,GBTC,57.320000,100,952674038,INTERMARKET_SWEEP|REGULAR_HOURS
2024-04-15 14:58:21.713750016,46365190,T,GBTC,57.290000,100,954510362,INTERMARKET_SWEEP|REGULAR_HOURS
2024-04-15 14:58:21.713752064,46365192,T,GBTC,57.290000,100,954510383,INTERMARKET_SWEEP|REGULAR_HOURS
2024-04-15 14:58:21.713753088,46365193,T,GBTC,57.290000,200,954510391,INTERMARKET_SWEEP|REGULAR_HOURS
2024-04-15 14:58:31.088808960,46431016,T,GBTC,57.205000,100,955757195,REGULAR_HOURS
2024-04-15 14:58:31.207234048,46431696,T,GBTC,57.200000,100,955768714,INTERMARKET_SWEEP|REGULAR_HOURS
2024-04-15 14:58:36.771421952,46476599,T,GBTC,57.230000,100,956583305,INTERMARKET_SWEEP|REGULAR_HOURS
2024-04-15 14:58:36.771424000,46476601,T,GBTC,57.230000,100,956583316,INTERMARKET_SWEEP|REGULAR_HOURS
2024-04-15 14:58:39.062633984,46495526,T,GBTC,57.220000,100,956921673,INTERMARKET_SWEEP|REGULAR_HOURS
2024-04-15 14:58:43.620060928,46523526,T,GBTC,57.180000,100,957424179,INTERMARKET_SWEEP|REGULAR_HOURS
2024-04-15 14:58:45.535008000,46530531,T,GBTC,57.180000,100,957568948,INTERMARKET_SWEEP|REGULAR_HOURS
2024-04-15 14:58:51.892165888,46570987,T,GBTC,57.190000,100,958344380,INTERMARKET_SWEEP|REGULAR_HOURS
2024-04-15 14:58:55.648137984,46603485,T,GBTC,57.180000,100,958937463,REGULAR_HOURS
2024-04-15 14:59:00.041946880,46632659,T,GBTC,57.145000,100,959479978,INTERMARKET_SWEEP|REGULAR_HOURS
2024-04-15 14:59:00.042000896,46632660,T,GBTC,57.150000,100,959480008,INTERMARKET_SWEEP|REGULAR_HOURS
2024-04-15 14:59:00.162599936,46635744,T,GBTC,57.160000,100,959536699,INTERMARKET_SWEEP|REGULAR_HOURS|TRADE_THROUGH_EXEMPT
2024-04-15 14:59:15.633803008,46750507,T,GBTC,57.370000,100,961707444,INTERMARKET_SWEEP|REGULAR_HOURS
2024-04-15 14:59:15.636913920,46750543,T,GBTC,57.370000,100,961707803,REGULAR_HOURS
2024-04-15 14:59:28.180388096,46849913,T,GBTC,57.260000,100,963604792,INTERMARKET_SWEEP|REGULAR_HOURS
2024-04-15 14:59:55.765118976,47067022,T,GBTC,57.210000,100,967749769,INTERMARKET_SWEEP|REGULAR_HOURS
2024-04-15 15:00:30.765207040,47395267,T,GBTC,57.140000,100,974363860,INTERMARKET_SWEEP|REGULAR_HOURS
2024-04-15 15:00:36.695461120,47438481,T,GBTC,57.080000,100,975217502,INTERMARKET_SWEEP|REGULAR_HOURS
2024-04-15 15:01:34.203433984,47917101,T,GBTC,57.040000,100,984768333,INTERMARKET_SWEEP|REGULAR_HOURS
2024-04-15 15:01:36.297914880,47931746,T,GBTC,56.980000,100,985077954,INTERMARKET_SWEEP|REGULAR_HOURS
2024-04-15 15:01:38.096706048,47945475,T,GBTC,56.970000,100,985359439,INTERMARKET_SWEEP|REGULAR_HOURS
2024-04-15 15:01:38.813907968,47950516,T,GBTC,56.980000,100,985464430,INTERMARKET_SWEEP|REGULAR_HOURS
2024-04-15 15:02:09.460154112,48174884,T,GBTC,56.880000,100,989976233,INTERMARKET_SWEEP|REGULAR_HOURS
2024-04-15 15:02:09.828698112,48177582,T,GBTC,56.920000,100,990026635,INTERMARKET_SWEEP|REGULAR_HOURS
2024-04-15 15:02:09.828859904,48177583,T,GBTC,56.920000,100,990026648,INTERMARKET_SWEEP|REGULAR_HOURS
2024-04-15 15:02:23.797672960,48282526,T,GBTC,56.995000,57,992128661,REGULAR_HOURS|ODD_LOT
2024-04-15 15:02:23.821422080,48282654,T,GBTC,56.995000,43,992131358,REGULAR_HOURS|ODD_LOT
2024-04-15 15:02:25.688279040,48294315,T,GBTC,57.040000,100,992349480,INTERMARKET_SWEEP|REGULAR_HOURS
2024-04-15 15:02:27.078607104,48309512,T,GBTC,57.060000,100,992621990,INTERMARKET_SWEEP|REGULAR_HOURS
2024-04-15 15:02:29.241404928,48326761,T,GBTC,57.090000,100,992943393,INTERMARKET_SWEEP|REGULAR_HOURS
2024-04-15 15:02:32.316182016,48346338,T,GBTC,57.090000,100,993337196,INTERMARKET_SWEEP|REGULAR_HOURS
2024-04-15 15:02:36.130014976,48371324,T,GBTC,57.120000,100,993824147,INTERMARKET_SWEEP|REGULAR_HOURS
2024-04-15 15:02:36.434682880,48373539,T,GBTC,57.100000,100,993869565,INTERMARKET_SWEEP|REGULAR_HOURS
2024-04-15 15:02:36.434684928,48373540,T,GBTC,57.100000,100,993869572,INTERMARKET_SWEEP|REGULAR_HOURS
2024-04-15 15:03:00.570243072,48525333,T,GBTC,57.120000,100,996851402,INTERMARKET_SWEEP|REGULAR_HOURS
2024-04-15 15:03:12.434765056,48624798,T,GBTC,57.250000,100,998887938,REGULAR_HOURS
2024-04-15 15:03:12.440186880,48625037,T,GBTC,57.255000,64,998891881,REGULAR_HOURS|ODD_LOT
2024-04-15 15:03:12.475307008,48625431,T,GBTC,57.255000,100,998899886,REGULAR_HOURS
2024-04-15 15:03:13.459357952,48631652,T,GBTC,57.270000,100,999020565,INTERMARKET_SWEEP|REGULAR_HOURS
2024-04-15 15:03:13.639183104,48632779,T,GBTC,57.250000,100,999042534,INTERMARKET_SWEEP|REGULAR_HOURS
2024-04-15 15:03:16.069672960,48653035,T,GBTC,57.240000,28,999427526,REGULAR_HOURS|ODD_LOT
2024-04-15 15:03:36.860833024,48815106,T,GBTC,57.270000,2,1002586960,REGULAR_HOURS|ODD_LOT
2024-04-15 15:04:03.549345024,49001221,T,GBTC,57.340000,100,1006128649,INTERMARKET_SWEEP|REGULAR_HOURS
2024-04-15 15:04:25.940052992,49136682,T,GBTC,57.355000,100,1008853407,INTERMARKET_SWEEP|REGULAR_HOURS
2024-04-15 15:04:25.942159872,49136699,T,GBTC,57.355000,100,1008853697,INTERMARKET_SWEEP|REGULAR_HOURS
2024-04-15 15:05:13.233528064,49468315,T,GBTC,57.330000,100,1015188299,INTERMARKET_SWEEP|REGULAR_HOURS
2024-04-15 15:05:45.259076096,49679380,T,GBTC,57.330000,100,1019216633,INTERMARKET_SWEEP|REGULAR_HOURS
2024-04-15 15:05:46.668570880,49687939,T,GBTC,57.340000,100,1019390291,INTERMARKET_SWEEP|REGULAR_HOURS
2024-04-15 15:06:10.230923008,49852059,T,GBTC,57.400000,100,1022478190,INTERMARKET_SWEEP|REGULAR_HOURS
2024-04-15 15:06:10.231366912,49852072,T,GBTC,57.400000,100,1022478367,INTERMARKET_SWEEP|REGULAR_HOURS
2024-04-15 15:06:16.264376064,49887462,T,GBTC,57.420000,100,1023198889,INTERMARKET_SWEEP|REGULAR_HOURS
2024-04-15 15:06:30.133953024,49974957,T,GBTC,57.410000,100,1024930706,INTERMARKET_SWEEP|REGULAR_HOURS
2024-04-15 15:08:25.540848128,50709654,T,GBTC,57.330000,100,1039616368,INTERMARKET_SWEEP|REGULAR_HOURS
2024-04-15 15:08:38.551179008,50786970,T,GBTC,57.290000,18,1041206831,REGULAR_HOURS|ODD_LOT
2024-04-15 15:08:38.551250944,50786975,T,GBTC,57.290000,82,1041206935,REGULAR_HOURS|ODD_LOT
2024-04-15 15:08:42.142533888,50813648,T,GBTC,57.240000,100,1041725680,INTERMARKET_SWEEP|REGULAR_HOURS
2024-04-15 15:08:42.142545920,50813649,T,GBTC,57.240000,100,1041725692,INTERMARKET_SWEEP|REGULAR_HOURS
2024-04-15 15:08:57.565304064,50910623,T,GBTC,57.220000,100,1043665549,INTERMARKET_SWEEP|REGULAR_HOURS
2024-04-15 15:09:05.372709120,50957176,T,GBTC,57.210000,100,1044584109,INTERMARKET_SWEEP|REGULAR_HOURS
2024-04-15 15:09:10.430401024,50981459,T,GBTC,57.210000,100,1045077023,INTERMARKET_SWEEP|REGULAR_HOURS
2024-04-15 15:09:10.430416896,50981460,T,GBTC,57.210000,100,1045077030,INTERMARKET_SWEEP|REGULAR_HOURS
2024-04-15 15:09:33.782950912,51137608,T,GBTC,57.250000,100,1048202909,INTERMARKET_SWEEP|REGULAR_HOURS
2024-04-15 15:09:33.782951936,51137609,T,GBTC,57.250000,100,1048202920,INTERMARKET_SWEEP|REGULAR_HOURS
2024-04-15 15:11:06.758140928,51784021,T,GBTC,57.240000,100,1060953907,INTERMARKET_SWEEP|REGULAR_HOURS
2024-04-15 15:15:16.954892032,53444134,T,GBTC,57.390000,100,1093344105,INTERMARKET_SWEEP|REGULAR_HOURS
2024-04-15 15:17:31.747705088,54333584,T,GBTC,57.550000,100,1110231111,INTERMARKET_SWEEP|REGULAR_HOURS
2024-04-15 15:17:31.747720960,54333585,T,GBTC,57.550000,100,1110231116,INTERMARKET_SWEEP|REGULAR_HOURS
2024-04-15 15:17:31.751395072,54333637,T,GBTC,57.540000,100,1110231887,INTERMARKET_SWEEP|REGULAR_HOURS
2024-04-15 15:17:53.711438080,54453438,T,GBTC,57.590000,100,1112502507,INTERMARKET_SWEEP|REGULAR_HOURS
2024-04-15 15:18:08.970509056,54597994,T,GBTC,57.580000,100,1115243365,INTERMARKET_SWEEP|REGULAR_HOURS
2024-04-15 15:18:15.595880960,54636107,T,GBTC,57.530000,100,1116014052,INTERMARKET_SWEEP|REGULAR_HOURS
2024-04-15 15:18:27.987371008,54744171,T,GBTC,57.510000,100,1118177048,INTERMARKET_SWEEP|REGULAR_HOURS
2024-04-15 15:18:27.987956992,54744176,T,GBTC,57.510000,76,1118177121,INTERMARKET_SWEEP|REGULAR_HOURS|ODD_LOT
2024-04-15 15:18:27.988506112,54744180,T,GBTC,57.510000,24,1118177203,INTERMARKET_SWEEP|REGULAR_HOURS|ODD_LOT
2024-04-15 15:18:32.330643968,54778579,T,GBTC,57.510000,100,1118856625,INTERMARKET_SWEEP|REGULAR_HOURS
2024-04-15 15:19:47.306475008,55299231,T,GBTC,57.670000,100,1129150044,INTERMARKET_SWEEP|REGULAR_HOURS
2024-04-15 15:19:48.122528000,55306021,T,GBTC,57.680000,100,1129280595,INTERMARKET_SWEEP|REGULAR_HOURS
2024-04-15 15:21:49.927450880,56069546,T,GBTC,57.620000,100,1144286007,INTERMARKET_SWEEP|REGULAR_HOURS
2024-04-15 15:22:07.621039104,56177625,T,GBTC,57.590000,100,1146403291,INTERMARKET_SWEEP|REGULAR_HOURS
2024-04-15 15:22:11.810686976,56198996,T,GBTC,57.630000,100,1146826009,INTERMARKET_SWEEP|REGULAR_HOURS
2024-04-15 15:22:21.811419904,56252615,T,GBTC,57.580000,100,1147875685,REGULAR_HOURS
2024-04-15 15:22:38.770702080,56353525,T,GBTC,57.630000,92,1149799572,INTERMARKET_SWEEP|REGULAR_HOURS|ODD_LOT
2024-04-15 15:23:38.665376000,56774120,T,GBTC,57.520000,100,1157946669,INTERMARKET_SWEEP|REGULAR_HOURS
2024-04-15 15:23:38.769758976,56774519,T,GBTC,57.510000,100,1157953903,INTERMARKET_SWEEP|REGULAR_HOURS
2024-04-15 15:24:17.788144896,57039094,T,GBTC,57.520000,100,1163133119,INTERMARKET_SWEEP|REGULAR_HOURS
2024-04-15 15:24:17.788169984,57039095,T,GBTC,57.520000,100,1163133127,INTERMARKET_SWEEP|REGULAR_HOURS
2024-04-15 15:24:49.436664064,57230086,T,GBTC,57.550000,100,1166967429,INTERMARKET_SWEEP|REGULAR_HOURS
2024-04-15 15:24:49.436688896,57230087,T,GBTC,57.550000,100,1166967434,INTERMARKET_SWEEP|REGULAR_HOURS
2024-04-15 15:25:10.938224896,57347341,T,GBTC,57.580000,100,1169240665,INTERMARKET_SWEEP|REGULAR_HOURS
2024-04-15 15:25:12.423938048,57357097,T,GBTC,57.590000,100,1169415509,INTERMARKET_SWEEP|REGULAR_HOURS
2024-04-15 15:25:12.426252032,57357128,T,GBTC,57.580000,100,1169416007,INTERMARKET_SWEEP|REGULAR_HOURS
2024-04-15 15:25:52.423741952,57579128,T,GBTC,57.570000,100,1173762848,INTERMARKET_SWEEP|REGULAR_HOURS
2024-04-15 15:25:57.287692032,57614707,T,GBTC,57.580000,100,1174452587,INTERMARKET_SWEEP|REGULAR_HOURS
2024-04-15 15:26:39.136353024,57877150,T,GBTC,57.490000,1,1179413102,REGULAR_HOURS|ODD_LOT
2024-04-15 15:27:34.120205056,58192595,T,GBTC,57.490000,100,1185589076,INTERMARKET_SWEEP|REGULAR_HOURS
2024-04-15 15:27:44.552147968,58250604,T,GBTC,57.500000,100,1186782006,INTERMARKET_SWEEP|REGULAR_HOURS
2024-04-15 15:27:44.572024064,58250960,T,GBTC,57.520000,100,1186788747,INTERMARKET_SWEEP|REGULAR_HOURS
2024-04-15 15:29:29.703026944,58909367,T,GBTC,57.630000,100,1199792868,REGULAR_HOURS
2024-04-15 15:30:14.736023040,59226873,T,GBTC,57.600000,100,1205810184,INTERMARKET_SWEEP|REGULAR_HOURS
2024-04-15 15:30:40.668112896,59386533,T,GBTC,57.650000,100,1209026758,REGULAR_HOURS
2024-04-15 15:31:02.226312960,59548720,T,GBTC,57.550000,100,1212326010,INTERMARKET_SWEEP|REGULAR_HOURS
2024-04-15 15:31:15.845078016,59636381,T,GBTC,57.600000,100,1214055597,INTERMARKET_SWEEP|REGULAR_HOURS
2024-04-15 15:31:31.157218048,59736683,T,GBTC,57.570000,100,1216071844,INTERMARKET_SWEEP|REGULAR_HOURS
2024-04-15 15:32:07.852532992,59955883,T,GBTC,57.570000,100,1220396785,REGULAR_HOURS
2024-04-15 15:32:11.047956992,59974708,T,GBTC,57.580000,100,1220749698,INTERMARKET_SWEEP|REGULAR_HOURS
2024-04-15 15:32:29.828834048,60079645,T,GBTC,57.610000,100,1222849705,INTERMARKET_SWEEP|REGULAR_HOURS
2024-04-15 15:32:31.226632960,60106607,T,GBTC,57.620000,100,1223375516,REGULAR_HOURS
2024-04-15 15:32:31.229513984,60106628,T,GBTC,57.630000,100,1223375899,INTERMARKET_SWEEP|REGULAR_HOURS
2024-04-15 15:32:31.229516032,60106629,T,GBTC,57.630000,100,1223375904,INTERMARKET_SWEEP|REGULAR_HOURS
2024-04-15 15:33:23.819890944,60422542,T,GBTC,57.480000,100,1229621265,INTERMARKET_SWEEP|REGULAR_HOURS
2024-04-15 15:33:32.794010880,60471514,T,GBTC,57.460000,100,1230556703,INTERMARKET_SWEEP|REGULAR_HOURS
2024-04-15 15:33:55.358854912,60607347,T,GBTC,57.520000,100,1233126953,INTERMARKET_SWEEP|REGULAR_HOURS|TRADE_THROUGH_EXEMPT
2024-04-15 15:33:55.358863872,60607348,T,GBTC,57.520000,100,1233126967,INTERMARKET_SWEEP|REGULAR_HOURS|TRADE_THROUGH_EXEMPT
2024-04-15 15:34:05.534822912,60673312,T,GBTC,57.520000,100,1234356523,INTERMARKET_SWEEP|REGULAR_HOURS
2024-04-15 15:34:05.771046912,60674762,T,GBTC,57.530000,100,1234382969,INTERMARKET_SWEEP|REGULAR_HOURS
2024-04-15 15:34:10.970853888,60724929,T,GBTC,57.570000,100,1235356522,REGULAR_HOURS
2024-04-15 15:34:10.970867968,60724930,T,GBTC,57.570000,100,1235356527,REGULAR_HOURS
2024-04-15 15:34:10.971880960,60724944,T,GBTC,57.570000,100,1235356773,REGULAR_HOURS
2024-04-15 15:34:11.385465088,60727606,T,GBTC,57.570000,100,1235410616,REGULAR_HOURS
2024-04-15 15:34:21.172754944,60789459,T,GBTC,57.550000,100,1236574075,REGULAR_HOURS
2024-04-15 15:35:15.180293888,61120516,T,GBTC,57.550000,3,1242823783,REGULAR_HOURS|ODD_LOT
2024-04-15 15:35:35.938851072,61341417,T,GBTC,57.400000,100,1246799349,INTERMARKET_SWEEP|REGULAR_HOURS
2024-04-15 15:37:29.780516096,62408934,T,GBTC,57.590000,100,1267099345,INTERMARKET_SWEEP|REGULAR_HOURS
2024-04-15 15:37:29.780529920,62408935,T,GBTC,57.590000,100,1267099350,INTERMARKET_SWEEP|REGULAR_HOURS
2024-04-15 15:37:34.954650880,62445759,T,GBTC,57.630000,100,1267791756,INTERMARKET_SWEEP|REGULAR_HOURS
2024-04-15 15:37:34.954789120,62445760,T,GBTC,57.630000,100,1267791773,INTERMARKET_SWEEP|REGULAR_HOURS
2024-04-15 15:37:40.073085952,62488651,T,GBTC,57.670000,100,1268666520,REGULAR_HOURS
2024-04-15 15:37:40.077133056,62488683,T,GBTC,57.670000,100,1268667269,REGULAR_HOURS
2024-04-15 15:37:40.077195008,62488684,T,GBTC,57.670000,100,1268667274,REGULAR_HOURS
2024-04-15 15:37:43.082471936,62509455,T,GBTC,57.660000,100,1269085965,INTERMARKET_SWEEP|REGULAR_HOURS
2024-04-15 15:37:53.205818112,62569760,T,GBTC,57.590000,100,1270283235,INTERMARKET_SWEEP|REGULAR_HOURS
2024-04-15 15:37:53.205904896,62569761,T,GBTC,57.590000,100,1270283246,INTERMARKET_SWEEP|REGULAR_HOURS
2024-04-15 15:37:53.205906944,62569762,T,GBTC,57.590000,100,1270283257,INTERMARKET_SWEEP|REGULAR_HOURS
2024-04-15 15:40:28.512758016,63460546,T,GBTC,57.580000,100,1287339804,INTERMARKET_SWEEP|REGULAR_HOURS
2024-04-15 15:40:35.195870976,63499266,T,GBTC,57.570000,100,1288097115,INTERMARKET_SWEEP|REGULAR_HOURS
2024-04-15 15:40:57.978381056,63614397,T,GBTC,57.570000,100,1290350385,REGULAR_HOURS
2024-04-15 15:40:57.979053056,63614438,T,GBTC,57.570000,100,1290351779,REGULAR_HOURS
2024-04-15 15:40:57.982757888,63614655,T,GBTC,57.610000,8,1290357487,REGULAR_HOURS|ODD_LOT
2024-04-15 15:40:57.982941952,63614662,T,GBTC,57.610000,92,1290357698,INTERMARKET_SWEEP|REGULAR_HOURS|ODD_LOT
2024-04-15 15:40:57.988838912,63614821,T,GBTC,57.630000,200,1290361366,INTERMARKET_SWEEP|REGULAR_HOURS
2024-04-15 15:40:58.011779072,63615187,T,GBTC,57.610000,100,1290369478,INTERMARKET_SWEEP|REGULAR_HOURS
2024-04-15 15:40:58.014868992,63615222,T,GBTC,57.610000,100,1290370192,INTERMARKET_SWEEP|REGULAR_HOURS
2024-04-15 15:40:58.024634880,63615388,T,GBTC,57.610000,100,1290372767,INTERMARKET_SWEEP|REGULAR_HOURS
2024-04-15 15:40:58.188123904,63616918,T,GBTC,57.630000,100,1290396078,INTERMARKET_SWEEP|REGULAR_HOURS
2024-04-15 15:40:58.188140032,63616919,T,GBTC,57.630000,100,1290396088,INTERMARKET_SWEEP|REGULAR_HOURS
2024-04-15 15:40:58.188259072,63616921,T,GBTC,57.620000,100,1290396127,INTERMARKET_SWEEP|REGULAR_HOURS|TRADE_THROUGH_EXEMPT
2024-04-15 15:40:58.230776064,63617197,T,GBTC,57.630000,100,1290400985,INTERMARKET_SWEEP|REGULAR_HOURS
2024-04-15 15:40:59.504267008,63624844,T,GBTC,57.635000,100,1290545709,INTERMARKET_SWEEP|REGULAR_HOURS
2024-04-15 15:41:00.323670016,63629625,T,GBTC,57.640000,100,1290634116,INTERMARKET_SWEEP|REGULAR_HOURS
2024-04-15 15:41:01.081555968,63634459,T,GBTC,57.625000,100,1290727889,INTERMARKET_SWEEP|REGULAR_HOURS
2024-04-15 15:41:01.081594112,63634460,T,GBTC,57.630000,100,1290727896,INTERMARKET_SWEEP|REGULAR_HOURS
2024-04-15 15:41:16.335976960,63717381,T,GBTC,57.590000,100,1292347927,INTERMARKET_SWEEP|REGULAR_HOURS
2024-04-15 15:42:25.210660096,64113282,T,GBTC,57.430000,100,1300051293,INTERMARKET_SWEEP|REGULAR_HOURS
2024-04-15 15:42:26.961373952,64128417,T,GBTC,57.430000,100,1300356644,INTERMARKET_SWEEP|REGULAR_HOURS
2024-04-15 15:42:51.335803904,64323420,T,GBTC,57.370000,100,1304236942,INTERMARKET_SWEEP|REGULAR_HOURS
2024-04-15 15:43:02.051045120,64383414,T,GBTC,57.370000,100,1305417299,INTERMARKET_SWEEP|REGULAR_HOURS
2024-04-15 15:43:02.051053056,64383415,T,GBTC,57.370000,100,1305417304,INTERMARKET_SWEEP|REGULAR_HOURS
2024-04-15 15:43:10.620762112,64429999,T,GBTC,57.350000,100,1306358473,INTERMARKET_SWEEP|REGULAR_HOURS
2024-04-15 15:43:36.955717120,64601509,T,GBTC,57.320000,100,1309620205,INTERMARKET_SWEEP|REGULAR_HOURS
2024-04-15 15:46:02.829157888,65469653,T,GBTC,57.380000,100,1326180863,INTERMARKET_SWEEP|REGULAR_HOURS
2024-04-15 15:46:14.930059008,65533289,T,GBTC,57.440000,100,1327457242,REGULAR_HOURS
2024-04-15 15:46:14.930159104,65533290,T,GBTC,57.440000,100,1327457247,REGULAR_HOURS
2024-04-15 15:46:21.162938112,65568359,T,GBTC,57.470000,100,1328141029,INTERMARKET_SWEEP|REGULAR_HOURS
2024-04-15 15:46:22.091204096,65573702,T,GBTC,57.480000,100,1328241769,INTERMARKET_SWEEP|REGULAR_HOURS
2024-04-15 15:46:22.111059968,65574037,T,GBTC,57.480000,100,1328246703,REGULAR_HOURS
2024-04-15 15:46:53.734516992,65747908,T,GBTC,57.430000,100,1331528269,INTERMARKET_SWEEP|REGULAR_HOURS
2024-04-15 15:47:19.703058944,65877773,T,GBTC,57.450000,100,1334002052,INTERMARKET_SWEEP|REGULAR_HOURS
2024-04-15 15:47:50.092747008,66057199,T,GBTC,57.500000,100,1337432968,INTERMARKET_SWEEP|REGULAR_HOURS
2024-04-15 15:47:55.558373120,66088444,T,GBTC,57.490000,100,1337993086,INTERMARKET_SWEEP|REGULAR_HOURS
2024-04-15 15:49:13.182343936,66538408,T,GBTC,57.440000,100,1346555314,INTERMARKET_SWEEP|REGULAR_HOURS
2024-04-15 15:51:14.284648960,67229342,T,GBTC,57.570000,100,1359855297,INTERMARKET_SWEEP|REGULAR_HOURS
2024-04-15 15:51:52.452045056,67437632,T,GBTC,57.570000,100,1363828348,INTERMARKET_SWEEP|REGULAR_HOURS
2024-04-15 15:52:16.403911936,67603553,T,GBTC,57.590000,100,1367174343,INTERMARKET_SWEEP|REGULAR_HOURS
2024-04-15 15:52:59.560377088,67838914,T,GBTC,57.580000,100,1371782456,INTERMARKET_SWEEP|REGULAR_HOURS
2024-04-15 15:57:00.700140032,69070622,T,GBTC,57.510000,100,1395209947,INTERMARKET_SWEEP|REGULAR_HOURS
2024-04-15 15:57:37.243397888,69247249,T,GBTC,57.530000,100,1398559788,INTERMARKET_SWEEP|REGULAR_HOURS
2024-04-15 15:57:50.785676032,69325382,T,GBTC,57.520000,100,1400002133,INTERMARKET_SWEEP|REGULAR_HOURS
2024-04-15 15:57:50.785707008,69325383,T,GBTC,57.520000,100,1400002142,INTERMARKET_SWEEP|REGULAR_HOURS
2024-04-15 15:58:00.152372992,69375908,T,GBTC,57.490000,100,1400928263,INTERMARKET_SWEEP|REGULAR_HOURS
2024-04-15 15:58:23.632252928,69495132,T,GBTC,57.480000,100,1403179870,INTERMARKET_SWEEP|REGULAR_HOURS|TRADE_THROUGH_EXEMPT
2024-04-15 15:58:23.632254976,69495133,T,GBTC,57.480000,100,1403179891,INTERMARKET_SWEEP|REGULAR_HOURS|TRADE_THROUGH_EXEMPT
2024-04-15 15:58:24.311965952,69504432,T,GBTC,57.470000,100,1403360828,INTERMARKET_SWEEP|REGULAR_HOURS
2024-04-15 16:00:42.059418880,70212351,T,GBTC,57.600000,100,1417347223,INTERMARKET_SWEEP|REGULAR_HOURS
2024-04-15 16:01:36.637777920,70470288,T,GBTC,57.500000,100,1422532637,INTERMARKET_SWEEP|REGULAR_HOURS
2024-04-15 16:02:12.262301952,70618587,T,GBTC,57.600000,100,1425477304,REGULAR_HOURS
2024-04-15 16:02:15.662493952,70638731,T,GBTC,57.620000,100,1425876639,INTERMARKET_SWEEP|REGULAR_HOURS
2024-04-15 16:02:17.509517056,70648811,T,GBTC,57.605000,100,1426069513,INTERMARKET_SWEEP|REGULAR_HOURS
2024-04-15 16:02:22.312291072,70677049,T,GBTC,57.610000,100,1426635433,INTERMARKET_SWEEP|REGULAR_HOURS
2024-04-15 16:02:22.312293120,70677051,T,GBTC,57.610000,100,1426635442,INTERMARKET_SWEEP|REGULAR_HOURS
2024-04-15 16:02:52.009767936,70812923,T,GBTC,57.710000,100,1429304750,INTERMARKET_SWEEP|REGULAR_HOURS
2024-04-15 16:02:52.009771008,70812925,T,GBTC,57.710000,100,1429304765,INTERMARKET_SWEEP|REGULAR_HOURS
2024-04-15 16:02:52.031792896,70813341,T,GBTC,57.710000,100,1429314213,INTERMARKET_SWEEP|REGULAR_HOURS
2024-04-15 16:02:52.060278016,70813577,T,GBTC,57.700000,100,1429318475,REGULAR_HOURS
2024-04-15 16:02:52.215929088,70814377,T,GBTC,57.700000,100,1429332444,INTERMARKET_SWEEP|REGULAR_HOURS
2024-04-15 16:03:19.152694016,70956995,T,GBTC,57.760000,100,1432109634,REGULAR_HOURS
2024-04-15 16:03:22.507014912,70971069,T,GBTC,57.770000,100,1432378001,INTERMARKET_SWEEP|REGULAR_HOURS
2024-04-15 16:03:30.100225024,71011775,T,GBTC,57.830000,100,1433159299,INTERMARKET_SWEEP|REGULAR_HOURS
2024-04-15 16:03:30.191047936,71012156,T,GBTC,57.820000,100,1433168818,INTERMARKET_SWEEP|REGULAR_HOURS
2024-04-15 16:03:30.191047936,71012158,T,GBTC,57.820000,100,1433168831,INTERMARKET_SWEEP|REGULAR_HOURS
2024-04-15 16:03:30.298173952,71012852,T,GBTC,57.810000,100,1433182396,INTERMARKET_SWEEP|REGULAR_HOURS
2024-04-15 16:03:45.295933952,71069510,T,GBTC,57.790000,100,1434286092,INTERMARKET_SWEEP|REGULAR_HOURS
2024-04-15 16:04:23.623548928,71239764,T,GBTC,57.695000,100,1437618876,INTERMARKET_SWEEP|REGULAR_HOURS
2024-04-15 16:04:40.144707072,71309437,T,GBTC,57.730000,1,1439028306,REGULAR_HOURS|ODD_LOT
2024-04-15 16:05:17.574917120,71498243,T,GBTC,57.700000,100,1442621903,REGULAR_HOURS
2024-04-15 16:06:26.808837888,71829076,T,GBTC,57.710000,100,1448707612,INTERMARKET_SWEEP|REGULAR_HOURS
2024-04-15 16:07:15.176593920,72062348,T,GBTC,57.710000,100,1453083546,INTERMARKET_SWEEP|REGULAR_HOURS
2024-04-15 16:08:53.374209024,72549443,T,GBTC,57.680000,100,1462525594,INTERMARKET_SWEEP|REGULAR_HOURS
2024-04-15 16:10:19.611834112,72922001,T,GBTC,57.680000,100,1469722951,INTERMARKET_SWEEP|REGULAR_HOURS
2024-04-15 16:11:00.314973952,73090310,T,GBTC,57.560000,100,1472955035,INTERMARKET_SWEEP|REGULAR_HOURS
2024-04-15 16:13:59.231596032,73938624,T,GBTC,57.530000,100,1488991102,INTERMARKET_SWEEP|REGULAR_HOURS
2024-04-15 16:15:33.238470912,74337041,T,GBTC,57.520000,100,1496533650,INTERMARKET_SWEEP|REGULAR_HOURS
2024-04-15 16:16:09.821001984,74543708,T,GBTC,57.430000,100,1500472404,REGULAR_HOURS
2024-04-15 16:16:09.824719872,74543718,T,GBTC,57.420000,100,1500472632,INTERMARKET_SWEEP|REGULAR_HOURS|TRADE_THROUGH_EXEMPT
2024-04-15 16:16:15.151325952,74569127,T,GBTC,57.420000,100,1500938672,INTERMARKET_SWEEP|REGULAR_HOURS
2024-04-15 16:16:15.950048000,74575853,T,GBTC,57.410000,100,1501072128,REGULAR_HOURS
2024-04-15 16:16:15.950066944,74575854,T,GBTC,57.410000,100,1501072138,REGULAR_HOURS
2024-04-15 16:16:15.950075904,74575855,T,GBTC,57.410000,100,1501072143,REGULAR_HOURS
2024-04-15 16:16:15.950089984,74575856,T,GBTC,57.410000,100,1501072149,REGULAR_HOURS
2024-04-15 16:17:20.423341056,74941066,T,GBTC,57.330000,100,1508112300,INTERMARKET_SWEEP|REGULAR_HOURS
2024-04-15 16:17:20.961184000,74943684,T,GBTC,57.320000,100,1508160519,INTERMARKET_SWEEP|REGULAR_HOURS
2024-04-15 16:17:26.134518016,74968997,T,GBTC,57.350000,100,1508640932,INTERMARKET_SWEEP|REGULAR_HOURS
2024-04-15 16:17:43.942061056,75055460,T,GBTC,57.280000,100,1510309383,INTERMARKET_SWEEP|REGULAR_HOURS
2024-04-15 16:17:53.679291904,75100804,T,GBTC,57.320000,100,1511157485,INTERMARKET_SWEEP|REGULAR_HOURS
2024-04-15 16:17:53.679304960,75100805,T,GBTC,57.320000,100,1511157493,INTERMARKET_SWEEP|REGULAR_HOURS
2024-04-15 16:17:53.679321088,75100806,T,GBTC,57.320000,100,1511157500,INTERMARKET_SWEEP|REGULAR_HOURS
2024-04-15 16:17:54.804960000,75111575,T,GBTC,57.310000,100,1511343811,INTERMARKET_SWEEP|REGULAR_HOURS
2024-04-15 16:17:55.645740032,75116705,T,GBTC,57.340000,100,1511432446,INTERMARKET_SWEEP|REGULAR_HOURS
2024-04-15 16:17:55.666050048,75116839,T,GBTC,57.340000,100,1511434385,INTERMARKET_SWEEP|REGULAR_HOURS
2024-04-15 16:19:32.005443072,75682509,T,GBTC,57.270000,200,1522457674,INTERMARKET_SWEEP|REGULAR_HOURS
2024-04-15 16:19:32.103102976,75683227,T,GBTC,57.270000,100,1522471225,INTERMARKET_SWEEP|REGULAR_HOURS
2024-04-15 16:22:10.575557888,76563445,T,GBTC,57.280000,100,1539630451,INTERMARKET_SWEEP|REGULAR_HOURS
2024-04-15 16:22:10.577139968,76563507,T,GBTC,57.280000,60,1539631658,INTERMARKET_SWEEP|REGULAR_HOURS|ODD_LOT
2024-04-15 16:24:02.142713088,77353750,T,GBTC,57.270000,100,1555255277,INTERMARKET_SWEEP|REGULAR_HOURS
2024-04-15 16:24:09.863057920,77402112,T,GBTC,57.230000,100,1556199547,INTERMARKET_SWEEP|REGULAR_HOURS
2024-04-15 16:26:36.619053056,78469232,T,GBTC,57.090000,100,1578005626,INTERMARKET_SWEEP|REGULAR_HOURS
2024-04-15 16:26:40.981661952,78523347,T,GBTC,57.090000,100,1578977998,INTERMARKET_SWEEP|REGULAR_HOURS
2024-04-15 16:27:08.508361984,78710497,T,GBTC,57.115000,100,1582488238,REGULAR_HOURS
2024-04-15 16:27:08.508363008,78710498,T,GBTC,57.115000,20,1582488243,REGULAR_HOURS|ODD_LOT
2024-04-15 16:27:08.563436032,78711084,T,GBTC,57.120000,100,1582497946,INTERMARKET_SWEEP|REGULAR_HOURS
2024-04-15 16:27:55.682764032,79093587,T,GBTC,57.180000,100,1590213344,INTERMARKET_SWEEP|REGULAR_HOURS
2024-04-15 16:30:58.224379904,80354431,T,GBTC,57.040000,100,1614566170,INTERMARKET_SWEEP|REGULAR_HOURS
2024-04-15 16:31:16.414500096,80491083,T,GBTC,57.000000,27,1617292295,REGULAR_HOURS|ODD_LOT
2024-04-15 16:31:16.872881920,80494435,T,GBTC,57.005000,20,1617354740,REGULAR_HOURS|ODD_LOT
2024-04-15 16:31:16.872900096,80494436,T,GBTC,57.005000,10,1617354745,REGULAR_HOURS|ODD_LOT
2024-04-15 16:31:16.872911104,80494437,T,GBTC,57.000000,73,1617354750,REGULAR_HOURS|ODD_LOT
2024-04-15 16:31:16.872922112,80494438,T,GBTC,57.000000,97,1617354755,REGULAR_HOURS|ODD_LOT
2024-04-15 16:31:16.877015040,80494458,T,GBTC,57.000000,100,1617355020,REGULAR_HOURS
2024-04-15 16:31:19.240570112,80510638,T,GBTC,56.970000,100,1617661086,INTERMARKET_SWEEP|REGULAR_HOURS
2024-04-15 16:31:19.240688128,80510639,T,GBTC,56.970000,100,1617661094,INTERMARKET_SWEEP|REGULAR_HOURS
2024-04-15 16:31:19.240689920,80510640,T,GBTC,56.970000,100,1617661101,INTERMARKET_SWEEP|REGULAR_HOURS
2024-04-15 16:31:20.359032064,80517912,T,GBTC,56.970000,100,1617797394,REGULAR_HOURS
2024-04-15 16:31:20.847308032,80521448,T,GBTC,56.970000,100,1617865755,INTERMARKET_SWEEP|REGULAR_HOURS
2024-04-15 16:31:20.847316992,80521449,T,GBTC,56.970000,100,1617865766,INTERMARKET_SWEEP|REGULAR_HOURS
2024-04-15 16:31:27.180454912,80579747,T,GBTC,56.960000,100,1619096699,INTERMARKET_SWEEP|REGULAR_HOURS
2024-04-15 16:31:40.211793920,80673297,T,GBTC,56.925000,150,1620934816,INTERMARKET_SWEEP|REGULAR_HOURS
2024-04-15 16:31:40.211811072,80673298,T,GBTC,56.920000,50,1620934823,INTERMARKET_SWEEP|REGULAR_HOURS|ODD_LOT
2024-04-15 16:31:40.212400128,80673315,T,GBTC,56.920000,100,1620934977,INTERMARKET_SWEEP|REGULAR_HOURS
2024-04-15 16:31:42.092655104,80686851,T,GBTC,56.950000,100,1621195703,INTERMARKET_SWEEP|REGULAR_HOURS
2024-04-15 16:31:48.800244992,80721318,T,GBTC,56.980000,100,1621859399,INTERMARKET_SWEEP|REGULAR_HOURS
2024-04-15 16:31:48.809760000,80721442,T,GBTC,56.990000,100,1621861723,INTERMARKET_SWEEP|REGULAR_HOURS
2024-04-15 16:31:59.842848000,80799278,T,GBTC,57.010000,100,1623365570,INTERMARKET_SWEEP|REGULAR_HOURS
2024-04-15 16:32:17.854749952,80936485,T,GBTC,56.970000,100,1626009071,INTERMARKET_SWEEP|REGULAR_HOURS
2024-04-15 16:32:17.854768896,80936486,T,GBTC,56.970000,100,1626009078,INTERMARKET_SWEEP|REGULAR_HOURS
2024-04-15 16:32:19.812636928,80949079,T,GBTC,56.970000,100,1626233751,INTERMARKET_SWEEP|REGULAR_HOURS
2024-04-15 16:32:19.812738048,80949080,T,GBTC,56.970000,100,1626233762,INTERMARKET_SWEEP|REGULAR_HOURS
2024-04-15 16:32:32.924633088,81041229,T,GBTC,57.000000,100,1628031804,INTERMARKET_SWEEP|REGULAR_HOURS
2024-04-15 16:32:32.980432896,81041447,T,GBTC,57.000000,100,1628035849,INTERMARKET_SWEEP|REGULAR_HOURS
2024-04-15 16:32:37.075601920,81064896,T,GBTC,56.990000,100,1628514205,INTERMARKET_SWEEP|REGULAR_HOURS
2024-04-15 16:33:20.718960896,81366781,T,GBTC,57.015000,100,1634342037,REGULAR_HOURS
2024-04-15 16:33:20.838200064,81367265,T,GBTC,57.020000,300,1634352121,REGULAR_HOURS
2024-04-15 16:33:20.838248960,81367266,T,GBTC,57.020000,100,1634352126,REGULAR_HOURS
2024-04-15 16:33:22.807694080,81377959,T,GBTC,57.060000,100,1634560952,INTERMARKET_SWEEP|REGULAR_HOURS
2024-04-15 16:33:22.807698944,81377960,T,GBTC,57.060000,100,1634560957,INTERMARKET_SWEEP|REGULAR_HOURS
2024-04-15 16:33:26.256773888,81392100,T,GBTC,57.050000,100,1634842595,REGULAR_HOURS
2024-04-15 16:33:26.726648064,81394714,T,GBTC,57.060000,100,1634895253,INTERMARKET_SWEEP|REGULAR_HOURS
2024-04-15 16:33:32.071968000,81427928,T,GBTC,57.110000,100,1635524887,REGULAR_HOURS
2024-04-15 16:33:32.078124032,81427973,T,GBTC,57.110000,100,1635525564,REGULAR_HOURS
2024-04-15 16:33:32.078224896,81427974,T,GBTC,57.110000,100,1635525569,REGULAR_HOURS
2024-04-15 16:33:33.524926976,81436424,T,GBTC,57.090000,100,1635678008,INTERMARKET_SWEEP|REGULAR_HOURS
2024-04-15 16:33:34.791677952,81442481,T,GBTC,57.100000,100,1635792510,INTERMARKET_SWEEP|REGULAR_HOURS
2024-04-15 16:33:41.000334080,81472466,T,GBTC,57.100000,100,1636349144,INTERMARKET_SWEEP|REGULAR_HOURS
2024-04-15 16:34:27.539682048,81725811,T,GBTC,57.200000,100,1641207667,INTERMARKET_SWEEP|REGULAR_HOURS
2024-04-15 16:34:54.574103040,81872664,T,GBTC,57.210000,100,1644013562,INTERMARKET_SWEEP|REGULAR_HOURS
2024-04-15 16:35:11.862533888,81977260,T,GBTC,57.260000,100,1645975325,REGULAR_HOURS
2024-04-15 16:35:16.668006912,82001640,T,GBTC,57.270000,100,1646419860,INTERMARKET_SWEEP|REGULAR_HOURS
2024-04-15 16:35:28.390083072,82083446,T,GBTC,57.210000,100,1647886734,REGULAR_HOURS
2024-04-15 16:35:29.976965888,82092121,T,GBTC,57.240000,100,1648039297,INTERMARKET_SWEEP|REGULAR_HOURS
2024-04-15 16:37:37.771529984,82864561,T,GBTC,57.270000,100,1662438375,INTERMARKET_SWEEP|REGULAR_HOURS
2024-04-15 16:37:52.337550080,82963434,T,GBTC,57.280000,100,1664372937,INTERMARKET_SWEEP|REGULAR_HOURS
2024-04-15 16:38:08.370525952,83075818,T,GBTC,57.210000,100,1666488940,INTERMARKET_SWEEP|REGULAR_HOURS
2024-04-15 16:38:28.720088064,83260684,T,GBTC,57.090000,100,1670174273,INTERMARKET_SWEEP|REGULAR_HOURS
2024-04-15 16:38:38.063286016,83332172,T,GBTC,57.070000,100,1671506711,INTERMARKET_SWEEP|REGULAR_HOURS
2024-04-15 16:38:40.477462016,83346254,T,GBTC,57.070000,100,1671758667,INTERMARKET_SWEEP|REGULAR_HOURS
2024-04-15 16:38:41.229391872,83349551,T,GBTC,57.060000,100,1671824446,INTERMARKET_SWEEP|REGULAR_HOURS
2024-04-15 16:38:43.948279040,83370035,T,GBTC,57.050000,100,1672201407,INTERMARKET_SWEEP|REGULAR_HOURS
2024-04-15 16:38:48.084147968,83400193,T,GBTC,57.070000,100,1672770079,INTERMARKET_SWEEP|REGULAR_HOURS
2024-04-15 16:39:28.099642112,83632967,T,GBTC,57.080000,100,1677160741,INTERMARKET_SWEEP|REGULAR_HOURS
2024-04-15 16:40:06.175013120,83875902,T,GBTC,57.030000,100,1681889789,INTERMARKET_SWEEP|REGULAR_HOURS
2024-04-15 16:40:18.915767040,83954348,T,GBTC,56.990000,100,1683425486,REGULAR_HOURS
2024-04-15 16:40:18.915767040,83954353,T,GBTC,56.990000,100,1683425536,REGULAR_HOURS
2024-04-15 16:40:18.942095872,83955483,T,GBTC,57.000000,100,1683447441,INTERMARKET_SWEEP|REGULAR_HOURS
2024-04-15 16:40:20.579608064,83977563,T,GBTC,56.980000,100,1683905847,INTERMARKET_SWEEP|REGULAR_HOURS
2024-04-15 16:40:30.278643968,84047468,T,GBTC,57.040000,100,1685344751,INTERMARKET_SWEEP|REGULAR_HOURS
2024-04-15 16:40:30.724558080,84049326,T,GBTC,57.045000,100,1685380907,REGULAR_HOURS
2024-04-15 16:40:30.724572928,84049327,T,GBTC,57.050000,100,1685380912,REGULAR_HOURS
2024-04-15 16:40:30.725635072,84049337,T,GBTC,57.050000,100,1685380990,REGULAR_HOURS
2024-04-15 16:40:30.725654016,84049338,T,GBTC,57.050000,100,1685380995,REGULAR_HOURS
2024-04-15 16:40:35.671412992,84073111,T,GBTC,57.050000,100,1685909350,INTERMARKET_SWEEP|REGULAR_HOURS
2024-04-15 16:42:02.545840128,84565420,T,GBTC,57.060000,100,1695356351,INTERMARKET_SWEEP|REGULAR_HOURS
2024-04-15 16:42:02.688134912,84567035,T,GBTC,57.040000,100,1695388072,INTERMARKET_SWEEP|REGULAR_HOURS
2024-04-15 16:42:49.884656128,84906725,T,GBTC,57.090000,100,1702055240,INTERMARKET_SWEEP|REGULAR_HOURS
2024-04-15 16:43:54.682117888,85271356,T,GBTC,57.150000,200,1708748313,INTERMARKET_SWEEP|REGULAR_HOURS
2024-04-15 16:44:02.031510016,85309171,T,GBTC,57.140000,100,1709465397,INTERMARKET_SWEEP|REGULAR_HOURS
2024-04-15 16:44:09.148773120,85370412,T,GBTC,57.100000,100,1710607680,INTERMARKET_SWEEP|REGULAR_HOURS
2024-04-15 16:44:42.445938944,85579376,T,GBTC,57.160000,100,1714527653,INTERMARKET_SWEEP|REGULAR_HOURS
2024-04-15 16:44:48.170643968,85618632,T,GBTC,57.140000,100,1715270018,INTERMARKET_SWEEP|REGULAR_HOURS
2024-04-15 16:44:48.170662912,85618633,T,GBTC,57.140000,100,1715270023,INTERMARKET_SWEEP|REGULAR_HOURS
2024-04-15 16:45:22.777761024,85840225,T,GBTC,57.150000,100,1719488839,INTERMARKET_SWEEP|REGULAR_HOURS
2024-04-15 16:46:05.110903040,86071148,T,GBTC,57.225000,100,1723754506,REGULAR_HOURS
2024-04-15 16:47:03.819300096,86432138,T,GBTC,57.210000,100,1730468443,INTERMARKET_SWEEP|REGULAR_HOURS
2024-04-15 16:47:21.177777920,86535873,T,GBTC,57.230000,100,1732378072,INTERMARKET_SWEEP|REGULAR_HOURS
2024-04-15 16:49:08.136718080,87196512,T,GBTC,57.210000,100,1744713866,INTERMARKET_SWEEP|REGULAR_HOURS
2024-04-15 16:49:38.064049920,87366084,T,GBTC,57.160000,100,1747973606,REGULAR_HOURS
2024-04-15 16:50:15.308136960,87566731,T,GBTC,57.230000,100,1751776731,INTERMARKET_SWEEP|REGULAR_HOURS
2024-04-15 16:51:00.453506048,87776041,T,GBTC,57.180000,100,1755609470,INTERMARKET_SWEEP|REGULAR_HOURS
2024-04-15 16:51:40.692941056,88010451,T,GBTC,57.050000,100,1759935919,INTERMARKET_SWEEP|REGULAR_HOURS
2024-04-15 16:51:50.505885952,88065447,T,GBTC,57.090000,100,1760998046,INTERMARKET_SWEEP|REGULAR_HOURS
2024-04-15 16:52:10.200131072,88172699,T,GBTC,57.040000,100,1763008308,INTERMARKET_SWEEP|REGULAR_HOURS
2024-04-15 16:52:33.694120960,88308512,T,GBTC,57.060000,100,1765470526,INTERMARKET_SWEEP|REGULAR_HOURS
2024-04-15 16:55:00.011578880,89117534,T,GBTC,57.270000,100,1780575314,INTERMARKET_SWEEP|REGULAR_HOURS
2024-04-15 16:55:20.590565120,89225265,T,GBTC,57.290000,100,1782519327,INTERMARKET_SWEEP|REGULAR_HOURS
2024-04-15 16:57:19.383926016,89804588,T,GBTC,57.200000,100,1793414183,INTERMARKET_SWEEP|REGULAR_HOURS
2024-04-15 16:59:03.429708032,90321433,T,GBTC,57.160000,100,1803101394,INTERMARKET_SWEEP|REGULAR_HOURS
2024-04-15 16:59:46.302545920,90580378,T,GBTC,57.110000,100,1808104762,INTERMARKET_SWEEP|REGULAR_HOURS
2024-04-15 16:59:57.991244032,90646790,T,GBTC,57.150000,100,1809398776,INTERMARKET_SWEEP|REGULAR_HOURS
2024-04-15 17:01:11.110211072,91237983,T,GBTC,57.220000,100,1821971387,INTERMARKET_SWEEP|REGULAR_HOURS
2024-04-15 17:04:40.393010944,92417450,T,GBTC,57.350000,100,1845086307,INTERMARKET_SWEEP|REGULAR_HOURS
2024-04-15 17:05:30.116005888,92692483,T,GBTC,57.400000,100,1850296067,REGULAR_HOURS
2024-04-15 17:05:39.972393984,92752290,T,GBTC,57.385000,100,1851457331,REGULAR_HOURS
2024-04-15 17:05:39.972475904,92752294,T,GBTC,57.385000,100,1851457362,REGULAR_HOURS
2024-04-15 17:05:39.972527104,92752295,T,GBTC,57.385000,100,1851457371,REGULAR_HOURS
2024-04-15 17:05:39.972620032,92752297,T,GBTC,57.385000,130,1851457393,REGULAR_HOURS
2024-04-15 17:05:40.290868992,92753852,T,GBTC,57.385000,70,1851488205,INTERMARKET_SWEEP|REGULAR_HOURS|ODD_LOT
2024-04-15 17:05:40.290917120,92753853,T,GBTC,57.385000,30,1851488210,INTERMARKET_SWEEP|REGULAR_HOURS|ODD_LOT
2024-04-15 17:05:42.106940928,92762295,T,GBTC,57.385000,100,1851659022,INTERMARKET_SWEEP|REGULAR_HOURS
2024-04-15 17:05:49.816112128,92815268,T,GBTC,57.365000,100,1852688624,REGULAR_HOURS
2024-04-15 17:05:49.817603072,92815512,T,GBTC,57.370000,100,1852692470,REGULAR_HOURS
2024-04-15 17:05:59.007651072,92850130,T,GBTC,57.355000,500,1853345628,INTERMARKET_SWEEP|REGULAR_HOURS
2024-04-15 17:05:59.007695104,92850131,T,GBTC,57.355000,100,1853345636,INTERMARKET_SWEEP|REGULAR_HOURS
2024-04-15 17:05:59.007695872,92850132,T,GBTC,57.355000,228,1853345642,INTERMARKET_SWEEP|REGULAR_HOURS
2024-04-15 17:06:01.354906112,92862479,T,GBTC,57.375000,100,1853563018,REGULAR_HOURS
2024-04-15 17:06:05.713368064,92884385,T,GBTC,57.375000,124,1853980184,REGULAR_HOURS
2024-04-15 17:06:32.288802048,93018777,T,GBTC,57.410000,100,1856496151,INTERMARKET_SWEEP|REGULAR_HOURS
2024-04-15 17:06:32.288815104,93018778,T,GBTC,57.410000,100,1856496156,INTERMARKET_SWEEP|REGULAR_HOURS
2024-04-15 17:08:24.473846016,93587886,T,GBTC,57.500000,100,1867199068,INTERMARKET_SWEEP|REGULAR_HOURS
2024-04-15 17:08:52.227145984,93746646,T,GBTC,57.630000,100,1870287855,INTERMARKET_SWEEP|REGULAR_HOURS
2024-04-15 17:08:52.307964928,93746986,T,GBTC,57.630000,100,1870294740,INTERMARKET_SWEEP|REGULAR_HOURS
2024-04-15 17:08:55.137052928,93758901,T,GBTC,57.620000,100,1870507345,INTERMARKET_SWEEP|REGULAR_HOURS
2024-04-15 17:09:19.616915968,93896801,T,GBTC,57.580000,100,1873137082,REGULAR_HOURS
2024-04-15 17:10:34.028395008,94317842,T,GBTC,57.600000,100,1881194007,INTERMARKET_SWEEP|REGULAR_HOURS
2024-04-15 17:11:07.024016896,94538767,T,GBTC,57.620000,100,1885643403,INTERMARKET_SWEEP|REGULAR_HOURS
2024-04-15 17:11:11.091686912,94571249,T,GBTC,57.650000,100,1886278414,INTERMARKET_SWEEP|REGULAR_HOURS
2024-04-15 17:11:15.277549056,94596239,T,GBTC,57.630000,100,1886761806,INTERMARKET_SWEEP|REGULAR_HOURS
2024-04-15 17:12:05.614852096,94860183,T,GBTC,57.680000,100,1891806202,INTERMARKET_SWEEP|REGULAR_HOURS
2024-04-15 17:12:06.294328064,94863458,T,GBTC,57.690000,100,1891861886,INTERMARKET_SWEEP|REGULAR_HOURS
2024-04-15 17:12:06.653254912,94867703,T,GBTC,57.690000,100,1891937268,INTERMARKET_SWEEP|REGULAR_HOURS
2024-04-15 17:12:40.104381952,95059481,T,GBTC,57.590000,100,1895511606,INTERMARKET_SWEEP|REGULAR_HOURS
2024-04-15 17:15:13.635319040,95962524,T,GBTC,57.460000,100,1912265136,INTERMARKET_SWEEP|REGULAR_HOURS
2024-04-15 17:16:06.482191872,96254985,T,GBTC,57.460000,100,1917846419,INTERMARKET_SWEEP|REGULAR_HOURS
2024-04-15 17:16:06.682806016,96256038,T,GBTC,57.460000,100,1917862634,INTERMARKET_SWEEP|REGULAR_HOURS
2024-04-15 17:16:19.204443904,96319035,T,GBTC,57.450000,100,1919028313,INTERMARKET_SWEEP|REGULAR_HOURS
2024-04-15 17:16:19.762157056,96327138,T,GBTC,57.430000,100,1919167355,INTERMARKET_SWEEP|REGULAR_HOURS
2024-04-15 17:16:26.266064896,96407330,T,GBTC,57.420000,100,1920644059,INTERMARKET_SWEEP|REGULAR_HOURS
2024-04-15 17:17:00.844829952,96608349,T,GBTC,57.410000,50,1924417687,INTERMARKET_SWEEP|REGULAR_HOURS|ODD_LOT
2024-04-15 17:17:01.868780032,96618791,T,GBTC,57.420000,100,1924614496,REGULAR_HOURS
2024-04-15 17:17:59.300782080,96911184,T,GBTC,57.450000,100,1930010149,INTERMARKET_SWEEP|REGULAR_HOURS
2024-04-15 17:17:59.300839936,96911185,T,GBTC,57.450000,100,1930010161,INTERMARKET_SWEEP|REGULAR_HOURS
2024-04-15 17:17:59.300840960,96911186,T,GBTC,57.450000,100,1930010170,INTERMARKET_SWEEP|REGULAR_HOURS
2024-04-15 17:17:59.300841984,96911187,T,GBTC,57.450000,100,1930010181,INTERMARKET_SWEEP|REGULAR_HOURS
2024-04-15 17:18:21.726498048,97029041,T,GBTC,57.400000,100,1932196167,INTERMARKET_SWEEP|REGULAR_HOURS
2024-04-15 17:19:38.456852992,97704073,T,GBTC,57.360000,100,1946700436,INTERMARKET_SWEEP|REGULAR_HOURS
2024-04-15 17:19:38.598008064,97709716,T,GBTC,57.370000,100,1946836233,INTERMARKET_SWEEP|REGULAR_HOURS
2024-04-15 17:19:38.598096896,97709719,T,GBTC,57.370000,100,1946836262,INTERMARKET_SWEEP|REGULAR_HOURS
2024-04-15 17:19:58.646065920,97850576,T,GBTC,57.320000,96,1949774536,REGULAR_HOURS|ODD_LOT
2024-04-15 17:20:21.851183104,98095579,T,GBTC,57.285000,97,1955338970,REGULAR_HOURS|ODD_LOT
2024-04-15 17:20:34.018336000,98202327,T,GBTC,57.235000,50,1957765954,INTERMARKET_SWEEP|REGULAR_HOURS|ODD_LOT
2024-04-15 17:20:41.608681984,98250148,T,GBTC,57.200000,100,1958805959,REGULAR_HOURS
2024-04-15 17:20:41.608738048,98250149,T,GBTC,57.200000,76,1958805968,REGULAR_HOURS|ODD_LOT
2024-04-15 17:21:07.297248000,98442603,T,GBTC,57.150000,100,1962871434,INTERMARKET_SWEEP|REGULAR_HOURS
2024-04-15 17:21:19.769806080,98530001,T,GBTC,57.180000,10,1964751990,INTERMARKET_SWEEP|REGULAR_HOURS|ODD_LOT
2024-04-15 17:21:20.005892096,98531199,T,GBTC,57.190000,100,1964773798,INTERMARKET_SWEEP|REGULAR_HOURS
2024-04-15 17:21:20.217431040,98533009,T,GBTC,57.180000,100,1964812203,INTERMARKET_SWEEP|REGULAR_HOURS
2024-04-15 17:21:25.348602112,98574173,T,GBTC,57.165000,70,1965649704,REGULAR_HOURS|ODD_LOT
2024-04-15 17:21:29.358878976,98599463,T,GBTC,57.180000,70,1966173550,REGULAR_HOURS|ODD_LOT
2024-04-15 17:21:30.845847040,98606421,T,GBTC,57.185000,30,1966319524,REGULAR_HOURS|ODD_LOT
2024-04-15 17:21:33.102105088,98624681,T,GBTC,57.175000,40,1966700790,REGULAR_HOURS|ODD_LOT
2024-04-15 17:21:49.219514880,98757314,T,GBTC,57.185000,100,1969635691,REGULAR_HOURS
2024-04-15 17:21:49.219994880,98757322,T,GBTC,57.185000,37,1969635809,REGULAR_HOURS|ODD_LOT
2024-04-15 17:22:47.781922048,99224334,T,GBTC,57.195000,2,1979383127,REGULAR_HOURS|ODD_LOT
2024-04-15 17:23:10.354970880,99368505,T,GBTC,57.180000,80,1982323368,REGULAR_HOURS|ODD_LOT
2024-04-15 17:23:20.907896064,99419608,T,GBTC,57.165000,200,1983349179,REGULAR_HOURS
2024-04-15 17:23:20.908030976,99419611,T,GBTC,57.165000,56,1983349207,REGULAR_HOURS|ODD_LOT
2024-04-15 17:23:41.134574080,99594219,T,GBTC,57.130000,100,1986771689,INTERMARKET_SWEEP|REGULAR_HOURS
2024-04-15 17:23:41.234908928,99607871,T,GBTC,57.125000,100,1987066440,REGULAR_HOURS
2024-04-15 17:23:42.097571072,99628843,T,GBTC,57.120000,100,1987555965,INTERMARKET_SWEEP|REGULAR_HOURS
2024-04-15 17:23:42.100459008,99628961,T,GBTC,57.125000,30,1987557874,REGULAR_HOURS|ODD_LOT
2024-04-15 17:24:18.500709888,99936124,T,GBTC,57.170000,100,1993944365,INTERMARKET_SWEEP|REGULAR_HOURS
2024-04-15 17:24:49.991144960,100161380,T,GBTC,57.175000,10,1998264866,REGULAR_HOURS|ODD_LOT
2024-04-15 17:24:55.467913984,100197018,T,GBTC,57.125000,1,1998945897,REGULAR_HOURS|ODD_LOT
2024-04-15 17:25:22.114714880,100399702,T,GBTC,57.080000,100,2002806740,REGULAR_HOURS
2024-04-15 17:25:22.116203008,100399704,T,GBTC,57.080000,300,2002806860,REGULAR_HOURS
2024-04-15 17:25:42.208288000,100533816,T,GBTC,57.000000,100,2005316803,INTERMARKET_SWEEP|REGULAR_HOURS
2024-04-15 17:25:49.362766080,100599082,T,GBTC,56.850000,100,2006542673,INTERMARKET_SWEEP|REGULAR_HOURS
2024-04-15 17:25:49.439563008,100599753,T,GBTC,56.850000,100,2006554243,INTERMARKET_SWEEP|REGULAR_HOURS
2024-04-15 17:25:50.120655872,100606479,T,GBTC,56.830000,100,2006680604,INTERMARKET_SWEEP|REGULAR_HOURS
2024-04-15 17:25:50.413938944,100608661,T,GBTC,56.810000,100,2006721139,REGULAR_HOURS
2024-04-15 17:25:50.468952064,100609602,T,GBTC,56.810000,100,2006739211,INTERMARKET_SWEEP|REGULAR_HOURS
2024-04-15 17:25:50.781953024,100611830,T,GBTC,56.800000,100,2006780401,INTERMARKET_SWEEP|REGULAR_HOURS
2024-04-15 17:25:50.832342016,100612184,T,GBTC,56.800000,100,2006787474,INTERMARKET_SWEEP|REGULAR_HOURS
2024-04-15 17:25:51.126618880,100614617,T,GBTC,56.820000,200,2006831521,REGULAR_HOURS
2024-04-15 17:25:51.160521984,100614915,T,GBTC,56.800000,200,2006836789,INTERMARKET_SWEEP|REGULAR_HOURS
2024-04-15 17:25:52.982092032,100626259,T,GBTC,56.850000,100,2007037035,INTERMARKET_SWEEP|REGULAR_HOURS
2024-04-15 17:26:05.947798016,100767177,T,GBTC,56.810000,100,2010026500,INTERMARKET_SWEEP|REGULAR_HOURS
2024-04-15 17:26:07.147345920,100782749,T,GBTC,56.840000,100,2010392864,INTERMARKET_SWEEP|REGULAR_HOURS
2024-04-15 17:26:07.147347968,100782750,T,GBTC,56.840000,100,2010392873,INTERMARKET_SWEEP|REGULAR_HOURS
2024-04-15 17:26:14.752119040,100850329,T,GBTC,56.760000,200,2011922723,INTERMARKET_SWEEP|REGULAR_HOURS
2024-04-15 17:26:15.330297088,100854848,T,GBTC,56.760000,100,2012008980,INTERMARKET_SWEEP|REGULAR_HOURS
2024-04-15 17:26:17.148878080,100868186,T,GBTC,56.800000,100,2012253633,INTERMARKET_SWEEP|REGULAR_HOURS
2024-04-15 17:26:32.968566016,100995340,T,GBTC,56.860000,100,2014739891,INTERMARKET_SWEEP|REGULAR_HOURS
2024-04-15 17:26:44.305544960,101087397,T,GBTC,56.910000,100,2016484589,INTERMARKET_SWEEP|REGULAR_HOURS
2024-04-15 17:26:51.872662016,101153739,T,GBTC,56.890000,100,2017717483,INTERMARKET_SWEEP|REGULAR_HOURS
2024-04-15 17:27:54.140851968,101678075,T,GBTC,57.020000,100,2028155717,INTERMARKET_SWEEP|REGULAR_HOURS
2024-04-15 17:28:16.698424064,101882664,T,GBTC,56.960000,100,2032311469,INTERMARKET_SWEEP|REGULAR_HOURS
2024-04-15 17:29:20.829219072,102478721,T,GBTC,56.975000,100,2045305195,REGULAR_HOURS
2024-04-15 17:29:34.207409920,102624405,T,GBTC,56.940000,100,2048638301,REGULAR_HOURS
2024-04-15 17:29:43.852462080,102721319,T,GBTC,56.895000,100,2050433672,REGULAR_HOURS
2024-04-15 17:29:47.282934016,102747701,T,GBTC,56.905000,27,2050953292,REGULAR_HOURS|ODD_LOT
2024-04-15 17:30:03.524926976,102898907,T,GBTC,56.865000,20,2054432139,REGULAR_HOURS|ODD_LOT
2024-04-15 17:30:03.524926976,102898925,T,GBTC,56.865000,50,2054432388,REGULAR_HOURS|ODD_LOT
2024-04-15 17:30:10.767618048,102997760,T,GBTC,56.925000,70,2056767502,REGULAR_HOURS|ODD_LOT
2024-04-15 17:30:20.011280896,103106505,T,GBTC,56.970000,100,2059524506,INTERMARKET_SWEEP|REGULAR_HOURS
2024-04-15 17:30:21.700058112,103150111,T,GBTC,56.935000,20,2060683425,REGULAR_HOURS|ODD_LOT
2024-04-15 17:30:48.388528128,103411279,T,GBTC,56.875000,217,2067275299,REGULAR_HOURS
2024-04-15 17:30:48.388528896,103411281,T,GBTC,56.880000,100,2067275309,REGULAR_HOURS
2024-04-15 17:30:48.388529920,103411282,T,GBTC,56.880000,100,2067275317,REGULAR_HOURS
2024-04-15 17:30:48.388529920,103411283,T,GBTC,56.880000,100,2067275328,REGULAR_HOURS
2024-04-15 17:30:48.709917952,103414715,T,GBTC,56.860000,96,2067355786,REGULAR_HOURS|ODD_LOT
2024-04-15 17:30:55.386790912,103486787,T,GBTC,56.875000,100,2069177085,INTERMARKET_SWEEP|REGULAR_HOURS
2024-04-15 17:30:55.386792960,103486789,T,GBTC,56.870000,100,2069177099,INTERMARKET_SWEEP|REGULAR_HOURS
2024-04-15 17:30:55.386792960,103486790,T,GBTC,56.870000,100,2069177119,INTERMARKET_SWEEP|REGULAR_HOURS
2024-04-15 17:30:55.386795008,103486791,T,GBTC,56.870000,37,2069177133,INTERMARKET_SWEEP|REGULAR_HOURS|ODD_LOT
2024-04-15 17:30:55.661540096,103489742,T,GBTC,56.860000,100,2069237665,INTERMARKET_SWEEP|REGULAR_HOURS
2024-04-15 17:30:58.532860928,103520865,T,GBTC,56.880000,100,2069996873,REGULAR_HOURS
2024-04-15 17:30:58.532903936,103520868,T,GBTC,56.880000,47,2069996945,REGULAR_HOURS|ODD_LOT
2024-04-15 17:31:01.165826048,103546653,T,GBTC,56.885000,3,2070683331,INTERMARKET_SWEEP|REGULAR_HOURS|ODD_LOT
2024-04-15 17:31:01.165826048,103546655,T,GBTC,56.890000,100,2070683374,INTERMARKET_SWEEP|REGULAR_HOURS
2024-04-15 17:31:13.518990080,103683436,T,GBTC,56.870000,10,2073997256,REGULAR_HOURS|ODD_LOT
2024-04-15 17:31:14.545039104,103696350,T,GBTC,56.855000,10,2074297070,REGULAR_HOURS|ODD_LOT
2024-04-15 17:31:14.652439040,103701983,T,GBTC,56.875000,30,2074434089,REGULAR_HOURS|ODD_LOT
2024-04-15 17:31:19.471420928,103775099,T,GBTC,56.915000,50,2076059327,REGULAR_HOURS|ODD_LOT
