date,MID_PRICE,high,low,close,volume,openinterest,BID_PRICE_1,BID_SIZE_1,BID_PRICE_2,BID_SIZE_2,BID_PRICE_3,BID_SIZE_3,ASK_PRICE_1,ASK_SIZE_1,ASK_PRICE_2,ASK_SIZE_2,ASK_PRICE_3,ASK_SIZE_3,year,month,day,hour,minute,second,microsecond
1700-01-01,,0,0,0,0,0,409.03,100,408.99,100,327.31,100,409.17,7,409.72,50,409.92,100,2022,8,1,13,30,0,172841
1700-01-02,409.1,0,0,0,0,0,409.03,100,409.0,100,408.99,100,409.17,7,409.72,50,409.92,100,2022,8,1,13,30,0,173193
1700-01-03,409.1,0,0,0,0,0,409.03,100,409.0,100,408.99,100,409.15,500,409.17,7,409.72,50,2022,8,1,13,30,0,175386
1700-01-04,409.09,0,0,0,0,0,409.03,100,409.0,100,408.99,100,409.17,7,409.72,50,409.92,100,2022,8,1,13,30,0,175386
1700-01-05,409.1,0,0,0,0,0,409.03,100,409.0,100,408.99,100,409.17,7,409.72,50,409.92,100,2022,8,1,13,30,0,176423
1700-01-06,409.1,0,0,0,0,0,409.03,100,409.0,100,408.99,100,409.17,7,409.72,50,409.92,100,2022,8,1,13,30,0,176423
1700-01-07,409.1,0,0,0,0,0,409.03,100,409.0,100,408.99,100,409.17,7,409.72,50,409.92,100,2022,8,1,13,30,0,176423
1700-01-08,409.1,0,0,0,0,0,409.03,100,408.99,100,408.96,100,409.17,7,409.72,50,409.92,100,2022,8,1,13,30,0,182028
1700-01-09,409.1,0,0,0,0,0,409.04,100,409.03,100,408.99,100,409.17,7,409.72,50,409.92,100,2022,8,1,13,30,0,241268
1700-01-10,409.105,0,0,0,0,0,409.04,100,409.03,100,408.99,100,409.17,507,409.72,50,409.92,100,2022,8,1,13,30,0,260704
1700-01-11,409.105,0,0,0,0,0,409.03,100,408.99,100,408.96,100,409.17,507,409.72,50,409.92,100,2022,8,1,13,30,0,260984
1700-01-12,409.1,0,0,0,0,0,409.03,100,408.99,100,408.96,100,409.17,7,409.72,50,409.92,100,2022,8,1,13,30,0,261694
1700-01-13,409.1,0,0,0,0,0,409.04,100,409.03,100,408.99,100,409.17,7,409.72,50,409.92,100,2022,8,1,13,30,0,262073
1700-01-14,409.105,0,0,0,0,0,409.15,500,409.04,100,409.03,100,409.17,7,409.72,50,409.92,100,2022,8,1,13,30,0,290183
1700-01-15,409.15999999999997,0,0,0,0,0,409.15,700,409.04,100,409.03,100,409.17,7,409.72,50,409.92,100,2022,8,1,13,30,0,306284
1700-01-16,409.15999999999997,0,0,0,0,0,409.15,500,409.04,100,409.03,100,409.17,7,409.72,50,409.92,100,2022,8,1,13,30,0,307870
1700-01-17,409.15999999999997,0,0,0,0,0,409.15,500,409.04,100,409.03,100,409.17,3,409.72,50,409.92,100,2022,8,1,13,30,0,315075
1700-01-18,409.15999999999997,0,0,0,0,0,409.15,500,409.04,100,409.03,100,409.72,50,409.92,100,409.95,100,2022,8,1,13,30,0,318132
1700-01-19,409.435,0,0,0,0,0,409.04,100,409.03,100,408.99,100,409.72,50,409.92,100,409.95,100,2022,8,1,13,30,0,325039
1700-01-20,409.38,0,0,0,0,0,409.04,100,409.03,100,408.99,100,409.24,500,409.72,50,409.92,100,2022,8,1,13,30,0,329690
1700-01-21,409.14,0,0,0,0,0,409.04,100,409.03,100,408.99,100,409.72,50,409.92,100,409.95,100,2022,8,1,13,30,0,332705
1700-01-22,409.38,0,0,0,0,0,409.15,500,409.04,100,409.03,100,409.72,50,409.92,100,409.95,100,2022,8,1,13,30,0,332990
1700-01-23,409.435,0,0,0,0,0,409.15,500,409.04,100,409.03,100,409.25,500,409.72,50,409.92,100,2022,8,1,13,30,0,353743
1700-01-24,409.2,0,0,0,0,0,409.15,500,409.04,100,409.03,100,409.72,50,409.92,100,409.95,100,2022,8,1,13,30,0,354373
1700-01-25,409.435,0,0,0,0,0,409.15,500,409.03,100,408.99,100,409.72,50,409.92,100,409.95,100,2022,8,1,13,30,0,362277
1700-01-26,409.435,0,0,0,0,0,409.15,500,409.03,100,408.99,100,409.27,500,409.72,50,409.92,100,2022,8,1,13,30,0,378533
1700-01-27,409.21,0,0,0,0,0,409.15,500,409.03,100,408.99,100,409.26,500,409.27,500,409.72,50,2022,8,1,13,30,0,401200
1700-01-28,409.205,0,0,0,0,0,409.15,500,409.03,100,408.99,100,409.26,500,409.72,50,409.92,100,2022,8,1,13,30,0,401680
1700-01-29,409.205,0,0,0,0,0,409.15,500,409.03,100,408.99,100,409.25,500,409.26,500,409.72,50,2022,8,1,13,30,0,432589
1700-01-30,409.2,0,0,0,0,0,409.15,500,409.03,100,408.99,100,409.25,500,409.72,50,409.92,100,2022,8,1,13,30,0,433005
1700-01-31,409.2,0,0,0,0,0,409.15,500,409.03,100,408.99,100,409.24,500,409.25,500,409.72,50,2022,8,1,13,30,0,454914
1700-02-01,409.195,0,0,0,0,0,409.15,500,409.03,100,408.99,100,409.24,500,409.72,50,409.92,100,2022,8,1,13,30,0,455340
1700-02-02,409.195,0,0,0,0,0,409.15,500,409.03,100,408.99,100,409.72,50,409.92,100,409.95,100,2022,8,1,13,30,0,464051
1700-02-03,409.435,0,0,0,0,0,409.03,100,408.99,100,408.96,100,409.72,50,409.92,100,409.95,100,2022,8,1,13,30,0,475629
1700-02-04,409.375,0,0,0,0,0,409.04,100,409.03,100,408.99,100,409.72,50,409.92,100,409.95,100,2022,8,1,13,30,0,476680
1700-02-05,409.38,0,0,0,0,0,409.15,500,409.04,100,409.03,100,409.72,50,409.92,100,409.95,100,2022,8,1,13,30,0,478818
1700-02-06,409.435,0,0,0,0,0,409.15,700,409.04,100,409.03,100,409.72,50,409.92,100,409.95,100,2022,8,1,13,30,0,482514
1700-02-07,409.435,0,0,0,0,0,409.15,500,409.04,100,409.03,100,409.72,50,409.92,100,409.95,100,2022,8,1,13,30,0,482804
1700-02-08,409.435,0,0,0,0,0,409.15,500,409.04,100,409.03,100,409.24,500,409.72,50,409.92,100,2022,8,1,13,30,0,484396
1700-02-09,409.195,0,0,0,0,0,409.15,500,409.04,100,409.03,100,409.23,500,409.24,500,409.72,50,2022,8,1,13,30,0,518510
1700-02-10,409.19,0,0,0,0,0,409.15,500,409.04,100,409.03,100,409.23,500,409.72,50,409.92,100,2022,8,1,13,30,0,518919
1700-02-11,409.19,0,0,0,0,0,409.15,500,409.04,100,409.03,100,409.22,500,409.23,500,409.72,50,2022,8,1,13,30,0,543053
1700-02-12,409.185,0,0,0,0,0,409.15,500,409.04,100,409.03,100,409.22,500,409.72,50,409.92,100,2022,8,1,13,30,0,543454
1700-02-13,409.185,0,0,0,0,0,409.15,500,409.04,100,409.03,100,409.72,50,409.92,100,409.95,100,2022,8,1,13,30,0,544282
1700-02-14,409.435,0,0,0,0,0,409.15,500,409.04,100,409.03,100,409.22,500,409.72,50,409.92,100,2022,8,1,13,30,0,555843
1700-02-15,409.185,0,0,0,0,0,409.04,100,409.03,100,408.99,100,409.22,500,409.72,50,409.92,100,2022,8,1,13,30,0,568972
1700-02-16,409.13,0,0,0,0,0,409.04,100,409.03,100,408.99,100,409.21,500,409.22,500,409.72,50,2022,8,1,13,30,0,569060
1700-02-17,409.125,0,0,0,0,0,409.04,100,409.03,100,408.99,100,409.21,500,409.72,50,409.92,100,2022,8,1,13,30,0,569462
1700-02-18,409.125,0,0,0,0,0,409.04,100,409.03,100,408.99,100,409.72,50,409.92,100,409.95,100,2022,8,1,13,30,0,576795
1700-02-19,409.38,0,0,0,0,0,409.15,500,409.04,100,409.03,100,409.72,50,409.92,100,409.95,100,2022,8,1,13,30,0,644140
1700-02-20,409.435,0,0,0,0,0,409.15,500,409.03,100,408.99,100,409.72,50,409.92,100,409.95,100,2022,8,1,13,30,0,645255
1700-02-21,409.435,0,0,0,0,0,409.15,500,409.06,100,409.03,100,409.72,50,409.92,100,409.95,100,2022,8,1,13,30,0,662479
1700-02-22,409.435,0,0,0,0,0,409.15,500,409.06,100,409.03,100,409.16,28,409.72,50,409.92,100,2022,8,1,13,30,0,688086
1700-02-23,409.155,0,0,0,0,0,409.15,500,409.06,100,409.03,100,409.16,51,409.72,50,409.92,100,2022,8,1,13,30,0,688088
1700-02-24,409.155,0,0,0,0,0,409.15,500,409.06,100,409.03,100,409.16,51,409.21,500,409.72,50,2022,8,1,13,30,0,688753
1700-02-25,409.155,0,0,0,0,0,409.15,500,409.06,100,409.03,100,409.17,51,409.21,500,409.72,50,2022,8,1,13,30,0,699374
1700-02-26,409.15999999999997,0,0,0,0,0,409.15,500,409.06,100,409.03,100,409.17,251,409.21,500,409.72,50,2022,8,1,13,30,0,715163
1700-02-27,409.15999999999997,0,0,0,0,0,409.15,500,409.06,100,409.03,100,409.17,51,409.21,500,409.72,50,2022,8,1,13,30,0,716281
1700-02-28,409.15999999999997,0,0,0,0,0,409.15,500,409.06,100,409.03,100,409.17,251,409.21,500,409.72,50,2022,8,1,13,30,0,729617
1700-03-01,409.15999999999997,0,0,0,0,0,409.15,500,409.06,100,409.03,100,409.17,51,409.21,500,409.72,50,2022,8,1,13,30,0,729617
1700-03-02,409.15999999999997,0,0,0,0,0,409.15,500,409.06,100,409.03,100,409.17,251,409.21,500,409.72,50,2022,8,1,13,30,0,738521
1700-03-03,409.15999999999997,0,0,0,0,0,409.06,100,409.03,100,408.99,100,409.17,251,409.21,500,409.72,50,2022,8,1,13,30,0,741991
1700-03-04,409.115,0,0,0,0,0,409.06,100,409.03,100,408.99,100,409.17,51,409.21,500,409.72,50,2022,8,1,13,30,0,770483
1700-03-05,409.115,0,0,0,0,0,409.06,100,409.03,100,408.99,100,409.16,200,409.17,51,409.21,500,2022,8,1,13,30,0,775759
1700-03-06,409.11,0,0,0,0,0,409.06,100,409.03,100,408.99,100,409.16,300,409.17,51,409.21,500,2022,8,1,13,30,0,776643
1700-03-07,409.11,0,0,0,0,0,409.06,100,409.03,100,408.99,100,409.16,200,409.17,51,409.21,500,2022,8,1,13,30,0,801588
1700-03-08,409.11,0,0,0,0,0,409.06,100,409.03,100,408.99,100,409.16,300,409.17,51,409.21,500,2022,8,1,13,30,0,814843
1700-03-09,409.11,0,0,0,0,0,409.06,100,409.03,100,408.99,100,409.16,100,409.17,51,409.21,500,2022,8,1,13,30,0,820642
1700-03-10,409.11,0,0,0,0,0,409.06,100,409.03,100,408.99,100,409.16,100,409.17,51,409.21,500,2022,8,1,13,30,0,820645
1700-03-11,409.11,0,0,0,0,0,409.06,100,409.03,100,408.99,100,409.16,100,409.17,51,409.72,50,2022,8,1,13,30,0,820646
1700-03-12,409.11,0,0,0,0,0,409.06,100,409.03,100,408.99,100,409.17,151,409.72,50,409.92,100,2022,8,1,13,30,0,821629
1700-03-13,409.115,0,0,0,0,0,409.06,100,409.03,100,408.99,100,409.17,51,409.72,50,409.92,100,2022,8,1,13,30,0,826511
1700-03-14,409.115,0,0,0,0,0,409.06,100,409.03,100,408.99,100,409.17,51,409.72,50,409.92,100,2022,8,1,13,30,0,845588
1700-03-15,409.115,0,0,0,0,0,409.06,100,409.03,100,408.99,100,409.17,51,409.72,50,409.92,100,2022,8,1,13,30,0,860623
1700-03-16,409.115,0,0,0,0,0,409.06,100,409.03,100,408.99,100,409.18,19,409.72,50,409.92,100,2022,8,1,13,30,0,927203
1700-03-17,409.12,0,0,0,0,0,409.06,100,409.03,100,408.99,100,409.18,19,409.19,200,409.72,50,2022,8,1,13,30,0,935124
1700-03-18,409.12,0,0,0,0,0,409.06,100,409.03,100,408.99,100,409.18,19,409.19,200,409.72,50,2022,8,1,13,30,0,951010
1700-03-19,409.12,0,0,0,0,0,409.06,100,409.03,100,408.99,100,409.19,119,409.72,50,409.92,100,2022,8,1,13,30,0,953822
1700-03-20,409.125,0,0,0,0,0,409.06,100,409.03,100,408.99,100,409.72,50,409.92,100,409.95,100,2022,8,1,13,30,0,979540
1700-03-21,409.39,0,0,0,0,0,409.15,100,409.06,100,409.03,100,409.72,50,409.92,100,409.95,100,2022,8,1,13,30,1,1756
1700-03-22,409.435,0,0,0,0,0,409.06,100,409.03,100,408.99,100,409.72,50,409.92,100,409.95,100,2022,8,1,13,30,1,11727
1700-03-23,409.39,0,0,0,0,0,409.06,100,409.03,100,408.99,100,409.72,50,409.92,100,409.95,100,2022,8,1,13,30,1,31745
1700-03-24,409.39,0,0,0,0,0,409.06,100,409.03,100,408.99,100,409.19,200,409.72,50,409.92,100,2022,8,1,13,30,1,31750
1700-03-25,409.125,0,0,0,0,0,409.06,100,409.03,100,408.99,100,409.19,300,409.72,50,409.92,100,2022,8,1,13,30,1,49883
1700-03-26,409.125,0,0,0,0,0,409.06,100,409.03,100,408.99,100,409.19,200,409.72,50,409.92,100,2022,8,1,13,30,1,54087
1700-03-27,409.125,0,0,0,0,0,409.06,100,409.03,100,408.99,100,409.72,50,409.92,100,409.95,100,2022,8,1,13,30,1,54091
1700-03-28,409.39,0,0,0,0,0,409.06,100,409.03,100,408.99,100,409.19,200,409.72,50,409.92,100,2022,8,1,13,30,1,57347
1700-03-29,409.125,0,0,0,0,0,409.06,100,409.03,100,408.99,100,409.72,50,409.92,100,409.95,100,2022,8,1,13,30,1,57358
1700-03-30,409.39,0,0,0,0,0,409.06,100,409.03,100,408.99,100,409.18,200,409.72,50,409.92,100,2022,8,1,13,30,1,67170
1700-03-31,409.12,0,0,0,0,0,409.06,100,409.03,100,408.99,100,409.72,50,409.92,100,409.95,100,2022,8,1,13,30,1,68008
1700-04-01,409.39,0,0,0,0,0,409.06,100,409.03,100,408.99,100,409.18,200,409.72,50,409.92,100,2022,8,1,13,30,1,77071
1700-04-02,409.12,0,0,0,0,0,409.06,100,409.03,100,408.99,100,409.72,50,409.92,100,409.95,100,2022,8,1,13,30,1,86322
1700-04-03,409.39,0,0,0,0,0,409.06,100,409.03,100,408.99,100,409.72,50,409.92,100,409.95,100,2022,8,1,13,30,1,99194
1700-04-04,409.39,0,0,0,0,0,409.15,200,409.06,100,409.03,100,409.72,50,409.92,100,409.95,100,2022,8,1,13,30,1,126225
1700-04-05,409.435,0,0,0,0,0,409.15,200,409.06,100,409.03,100,409.72,50,409.92,100,409.95,100,2022,8,1,13,30,1,131726
1700-04-06,409.435,0,0,0,0,0,409.06,100,409.03,100,408.99,100,409.72,50,409.92,100,409.95,100,2022,8,1,13,30,1,140325
1700-04-07,409.39,0,0,0,0,0,409.06,100,409.03,100,408.99,100,409.72,50,409.92,100,409.95,100,2022,8,1,13,30,1,140349
1700-04-08,409.39,0,0,0,0,0,409.07,100,409.06,100,409.03,100,409.72,50,409.92,100,409.95,100,2022,8,1,13,30,1,182264
1700-04-09,409.395,0,0,0,0,0,409.07,100,409.06,100,409.03,100,409.23,200,409.72,50,409.92,100,2022,8,1,13,30,1,187461
1700-04-10,409.15,0,0,0,0,0,409.07,100,409.06,100,409.03,100,409.23,300,409.72,50,409.92,100,2022,8,1,13,30,1,194721
1700-04-11,409.15,0,0,0,0,0,409.07,100,409.06,100,409.03,100,409.23,200,409.72,50,409.92,100,2022,8,1,13,30,1,197910
1700-04-12,409.15,0,0,0,0,0,409.07,100,409.06,100,409.03,100,409.72,50,409.92,100,409.95,100,2022,8,1,13,30,1,197914
1700-04-13,409.395,0,0,0,0,0,409.07,100,409.06,100,409.03,100,409.22,200,409.72,50,409.92,100,2022,8,1,13,30,1,197916
1700-04-14,409.145,0,0,0,0,0,409.07,100,409.06,100,409.03,100,409.72,50,409.92,100,409.95,100,2022,8,1,13,30,1,197918
1700-04-15,409.395,0,0,0,0,0,409.07,100,409.06,100,409.03,100,409.22,200,409.72,50,409.92,100,2022,8,1,13,30,1,202850
1700-04-16,409.145,0,0,0,0,0,409.07,100,409.06,100,409.03,100,409.72,50,409.92,100,409.95,100,2022,8,1,13,30,1,212762
1700-04-17,409.395,0,0,0,0,0,409.07,100,409.06,100,409.03,100,409.21,200,409.72,50,409.92,100,2022,8,1,13,30,1,212762
1700-04-18,409.14,0,0,0,0,0,409.07,100,409.06,100,409.03,100,409.72,50,409.92,100,409.95,100,2022,8,1,13,30,1,212764
1700-04-19,409.395,0,0,0,0,0,409.15,500,409.07,100,409.06,100,409.72,50,409.92,100,409.95,100,2022,8,1,13,30,1,225679
1700-04-20,409.435,0,0,0,0,0,409.15,500,409.06,100,409.03,100,409.72,50,409.92,100,409.95,100,2022,8,1,13,30,1,234450
1700-04-21,409.435,0,0,0,0,0,409.15,700,409.06,100,409.03,100,409.72,50,409.92,100,409.95,100,2022,8,1,13,30,1,251343
1700-04-22,409.435,0,0,0,0,0,409.15,700,409.06,100,409.03,100,409.72,50,409.92,100,409.95,100,2022,8,1,13,30,1,251803
1700-04-23,409.435,0,0,0,0,0,409.15,500,409.06,100,409.03,100,409.72,50,409.92,100,409.95,100,2022,8,1,13,30,1,275154
1700-04-24,409.435,0,0,0,0,0,409.15,500,409.06,100,409.03,100,409.72,50,409.92,100,409.95,100,2022,8,1,13,30,1,275158
1700-04-25,409.435,0,0,0,0,0,409.15,500,409.06,100,409.03,100,409.72,50,409.92,100,409.95,100,2022,8,1,13,30,1,367342
1700-04-26,409.435,0,0,0,0,0,409.15,500,409.06,100,409.03,100,409.72,50,409.92,100,409.95,100,2022,8,1,13,30,1,377598
1700-04-27,409.435,0,0,0,0,0,409.15,700,409.06,100,409.03,100,409.72,50,409.92,100,409.95,100,2022,8,1,13,30,1,388073
1700-04-28,409.435,0,0,0,0,0,409.16,700,409.06,100,409.03,100,409.72,50,409.92,100,409.95,100,2022,8,1,13,30,1,407697
1700-04-29,409.44000000000005,0,0,0,0,0,409.18,700,409.06,100,409.03,100,409.72,50,409.92,100,409.95,100,2022,8,1,13,30,1,407856
1700-04-30,409.45000000000005,0,0,0,0,0,409.19,700,409.06,100,409.03,100,409.72,50,409.92,100,409.95,100,2022,8,1,13,30,1,408105
1700-05-01,409.45500000000004,0,0,0,0,0,409.21,200,409.2,500,409.06,100,409.72,50,409.92,100,409.95,100,2022,8,1,13,30,1,408107
1700-05-02,409.46500000000003,0,0,0,0,0,409.23,200,409.2,500,409.06,100,409.72,50,409.92,100,409.95,100,2022,8,1,13,30,1,408418
1700-05-03,409.475,0,0,0,0,0,409.2,500,409.06,100,409.03,100,409.72,50,409.92,100,409.95,100,2022,8,1,13,30,1,416653
1700-05-04,409.46000000000004,0,0,0,0,0,409.2,500,409.19,500,409.06,100,409.72,50,409.92,100,409.95,100,2022,8,1,13,30,1,439148
1700-05-05,409.46000000000004,0,0,0,0,0,409.2,1000,409.06,100,409.03,100,409.72,50,409.92,100,409.95,100,2022,8,1,13,30,1,454141
1700-05-06,409.46000000000004,0,0,0,0,0,409.21,500,409.2,500,409.06,100,409.72,50,409.92,100,409.95,100,2022,8,1,13,30,1,454142
1700-05-07,409.46500000000003,0,0,0,0,0,409.21,500,409.2,500,409.06,100,409.72,50,409.92,100,409.95,100,2022,8,1,13,30,1,454149
1700-05-08,409.46500000000003,0,0,0,0,0,409.23,500,409.2,500,409.06,100,409.72,50,409.92,100,409.95,100,2022,8,1,13,30,1,460474
1700-05-09,409.475,0,0,0,0,0,409.2,500,409.06,100,409.03,100,409.72,50,409.92,100,409.95,100,2022,8,1,13,30,1,464022
1700-05-10,409.46000000000004,0,0,0,0,0,409.25,500,409.2,500,409.06,100,409.72,50,409.92,100,409.95,100,2022,8,1,13,30,1,486885
1700-05-11,409.485,0,0,0,0,0,409.25,1000,409.2,500,409.06,100,409.72,50,409.92,100,409.95,100,2022,8,1,13,30,1,488581
1700-05-12,409.485,0,0,0,0,0,409.26,500,409.25,500,409.2,500,409.72,50,409.92,100,409.95,100,2022,8,1,13,30,1,494351
1700-05-13,409.49,0,0,0,0,0,409.27,200,409.26,500,409.25,500,409.72,50,409.92,100,409.95,100,2022,8,1,13,30,1,515269
1700-05-14,409.495,0,0,0,0,0,409.26,500,409.25,500,409.2,500,409.72,50,409.92,100,409.95,100,2022,8,1,13,30,1,537123
1700-05-15,409.49,0,0,0,0,0,409.25,500,409.2,500,409.06,100,409.72,50,409.92,100,409.95,100,2022,8,1,13,30,1,537125
1700-05-16,409.485,0,0,0,0,0,409.2,500,409.06,100,409.03,100,409.72,50,409.92,100,409.95,100,2022,8,1,13,30,1,537127
1700-05-17,409.46000000000004,0,0,0,0,0,409.27,500,409.2,500,409.06,100,409.72,50,409.92,100,409.95,100,2022,8,1,13,30,1,543427
1700-05-18,409.495,0,0,0,0,0,409.2,500,409.06,100,409.03,100,409.72,50,409.92,100,409.95,100,2022,8,1,13,30,1,543438
1700-05-19,409.46000000000004,0,0,0,0,0,409.2,500,409.06,100,409.03,100,409.72,50,409.92,100,409.95,100,2022,8,1,13,30,1,551438
1700-05-20,409.46000000000004,0,0,0,0,0,409.2,500,409.06,100,409.03,100,409.3,100,409.72,50,409.92,100,2022,8,1,13,30,1,554659
1700-05-21,409.25,0,0,0,0,0,409.26,500,409.2,500,409.06,100,409.3,100,409.72,50,409.92,100,2022,8,1,13,30,1,557278
1700-05-22,409.28,0,0,0,0,0,409.26,500,409.2,500,409.06,100,409.3,300,409.72,50,409.92,100,2022,8,1,13,30,1,557676
1700-05-23,409.28,0,0,0,0,0,409.26,500,409.2,500,409.06,100,409.3,100,409.72,50,409.92,100,2022,8,1,13,30,1,566159
1700-05-24,409.28,0,0,0,0,0,409.26,500,409.2,500,409.06,100,409.3,100,409.72,50,409.92,100,2022,8,1,13,30,1,575408
1700-05-25,409.28,0,0,0,0,0,409.26,500,409.2,500,409.06,100,409.3,100,409.72,50,409.92,100,2022,8,1,13,30,1,589197
1700-05-26,409.28,0,0,0,0,0,409.26,500,409.2,500,409.06,100,409.3,100,409.72,50,409.92,100,2022,8,1,13,30,1,589612
1700-05-27,409.28,0,0,0,0,0,409.26,500,409.2,500,409.06,100,409.3,100,409.72,50,409.92,100,2022,8,1,13,30,1,591343
1700-05-28,409.28,0,0,0,0,0,409.26,500,409.2,500,409.06,100,409.3,100,409.72,50,409.95,100,2022,8,1,13,30,1,597853
1700-05-29,409.28,0,0,0,0,0,409.26,500,409.2,500,409.06,100,409.3,100,409.72,50,409.95,100,2022,8,1,13,30,1,597860
1700-05-30,409.28,0,0,0,0,0,409.26,500,409.2,500,409.06,100,409.72,50,409.95,100,409.98,100,2022,8,1,13,30,1,599118
1700-05-31,409.49,0,0,0,0,0,409.26,500,409.2,500,409.06,100,409.72,50,409.95,100,409.98,100,2022,8,1,13,30,1,599155
1700-06-01,409.49,0,0,0,0,0,409.26,500,409.2,500,409.09,100,409.72,50,409.95,100,409.98,100,2022,8,1,13,30,1,599159
1700-06-02,409.49,0,0,0,0,0,409.2,500,409.09,100,409.06,100,409.72,50,409.95,100,409.98,100,2022,8,1,13,30,1,602121
1700-06-03,409.46000000000004,0,0,0,0,0,409.27,500,409.2,500,409.09,100,409.72,50,409.95,100,409.98,100,2022,8,1,13,30,1,604994
1700-06-04,409.495,0,0,0,0,0,409.26,500,409.2,500,409.09,100,409.72,50,409.95,100,409.98,100,2022,8,1,13,30,1,605263
1700-06-05,409.49,0,0,0,0,0,409.2,500,409.09,100,409.06,100,409.72,50,409.95,100,409.98,100,2022,8,1,13,30,1,606761
1700-06-06,409.46000000000004,0,0,0,0,0,409.2,500,409.09,100,409.06,100,409.31,200,409.72,50,409.95,100,2022,8,1,13,30,1,609761
1700-06-07,409.255,0,0,0,0,0,409.2,500,409.09,100,409.06,100,409.72,50,409.95,100,409.98,100,2022,8,1,13,30,1,609978
1700-06-08,409.46000000000004,0,0,0,0,0,409.2,500,409.09,100,409.06,100,409.72,50,409.95,100,409.98,100,2022,8,1,13,30,1,611294
1700-06-09,409.46000000000004,0,0,0,0,0,409.2,500,409.09,100,409.06,100,409.32,500,409.72,50,409.95,100,2022,8,1,13,30,1,622115
1700-06-10,409.26,0,0,0,0,0,409.2,500,409.09,100,409.06,100,409.72,50,409.95,100,409.98,100,2022,8,1,13,30,1,622277
1700-06-11,409.46000000000004,0,0,0,0,0,409.2,500,409.09,100,409.06,100,409.72,50,409.95,100,409.98,100,2022,8,1,13,30,1,623876
1700-06-12,409.46000000000004,0,0,0,0,0,409.2,500,409.09,100,409.06,100,409.31,200,409.72,50,409.95,100,2022,8,1,13,30,1,627116
1700-06-13,409.255,0,0,0,0,0,409.2,500,409.09,100,409.06,100,409.32,200,409.72,50,409.95,100,2022,8,1,13,30,1,639704
1700-06-14,409.26,0,0,0,0,0,409.2,500,409.09,100,409.06,100,409.72,50,409.95,100,409.98,100,2022,8,1,13,30,1,640242
1700-06-15,409.46000000000004,0,0,0,0,0,409.27,200,409.2,500,409.09,100,409.72,50,409.95,100,409.98,100,2022,8,1,13,30,1,640247
1700-06-16,409.495,0,0,0,0,0,409.27,200,409.2,500,409.09,100,409.31,200,409.72,50,409.95,100,2022,8,1,13,30,1,655395
1700-06-17,409.28999999999996,0,0,0,0,0,409.27,200,409.2,500,409.09,100,409.32,200,409.72,50,409.95,100,2022,8,1,13,30,1,658672
1700-06-18,409.29499999999996,0,0,0,0,0,409.27,200,409.2,500,409.09,100,409.72,50,409.95,100,409.98,100,2022,8,1,13,30,1,659318
1700-06-19,409.495,0,0,0,0,0,409.27,200,409.2,500,409.09,100,409.72,50,409.95,100,409.98,100,2022,8,1,13,30,1,673914
1700-06-20,409.495,0,0,0,0,0,409.27,200,409.2,500,409.06,100,409.72,50,409.95,100,409.98,100,2022,8,1,13,30,1,683091
1700-06-21,409.495,0,0,0,0,0,409.27,200,409.2,500,409.06,100,409.31,200,409.72,50,409.95,100,2022,8,1,13,30,1,690765
1700-06-22,409.28999999999996,0,0,0,0,0,409.27,200,409.2,500,409.06,100,409.31,300,409.72,50,409.95,100,2022,8,1,13,30,1,690792
1700-06-23,409.28999999999996,0,0,0,0,0,409.27,200,409.2,500,409.06,100,409.31,200,409.72,50,409.95,100,2022,8,1,13,30,1,691206
1700-06-24,409.28999999999996,0,0,0,0,0,409.2,500,409.06,100,409.03,100,409.31,200,409.72,50,409.95,100,2022,8,1,13,30,1,696408
1700-06-25,409.255,0,0,0,0,0,409.2,500,409.06,100,409.03,100,409.31,700,409.72,50,409.95,100,2022,8,1,13,30,1,701910
1700-06-26,409.255,0,0,0,0,0,409.2,500,409.06,100,409.03,100,409.3,500,409.31,700,409.72,50,2022,8,1,13,30,1,701914
1700-06-27,409.25,0,0,0,0,0,409.2,500,409.06,100,409.03,100,409.3,1000,409.31,700,409.72,50,2022,8,1,13,30,1,701916
1700-06-28,409.25,0,0,0,0,0,409.2,500,409.06,100,409.03,100,409.3,1000,409.31,500,409.72,50,2022,8,1,13,30,1,701923
1700-06-29,409.25,0,0,0,0,0,409.2,500,409.06,100,409.03,100,409.3,1200,409.31,500,409.72,50,2022,8,1,13,30,1,701925
1700-06-30,409.25,0,0,0,0,0,409.2,500,409.06,100,409.03,100,409.3,1000,409.31,500,409.72,50,2022,8,1,13,30,1,701926
1700-07-01,409.25,0,0,0,0,0,409.2,500,409.06,100,409.03,100,409.29,200,409.3,1000,409.31,500,2022,8,1,13,30,1,702385
1700-07-02,409.245,0,0,0,0,0,409.2,500,409.06,100,409.03,100,409.3,1000,409.31,500,409.72,50,2022,8,1,13,30,1,702386
1700-07-03,409.25,0,0,0,0,0,409.2,500,409.06,100,409.03,100,409.28,200,409.3,1000,409.31,500,2022,8,1,13,30,1,711545
1700-07-04,409.24,0,0,0,0,0,409.2,500,409.06,100,409.03,100,409.3,1000,409.31,500,409.72,50,2022,8,1,13,30,1,711552
1700-07-05,409.25,0,0,0,0,0,409.2,500,409.06,100,409.03,100,409.3,1200,409.31,500,409.72,50,2022,8,1,13,30,1,712155
1700-07-06,409.25,0,0,0,0,0,409.2,500,409.06,100,409.03,100,409.28,200,409.3,1200,409.31,500,2022,8,1,13,30,1,712504
1700-07-07,409.24,0,0,0,0,0,409.2,500,409.06,100,409.03,100,409.28,200,409.3,1000,409.31,500,2022,8,1,13,30,1,712504
1700-07-08,409.24,0,0,0,0,0,409.2,500,409.06,100,409.03,100,409.3,1000,409.31,500,409.72,50,2022,8,1,13,30,1,712507
1700-07-09,409.25,0,0,0,0,0,409.2,500,409.06,100,409.03,100,409.29,200,409.3,1000,409.31,500,2022,8,1,13,30,1,712509
1700-07-10,409.245,0,0,0,0,0,409.2,500,409.06,100,409.03,100,409.3,1000,409.31,500,409.72,50,2022,8,1,13,30,1,712965
1700-07-11,409.25,0,0,0,0,0,409.2,500,409.06,100,409.03,100,409.3,500,409.31,500,409.72,50,2022,8,1,13,30,1,721929
1700-07-12,409.25,0,0,0,0,0,409.2,500,409.06,100,409.03,100,409.31,500,409.72,50,409.95,100,2022,8,1,13,30,1,729970
1700-07-13,409.255,0,0,0,0,0,409.2,500,409.06,100,409.03,100,409.72,50,409.95,100,409.98,100,2022,8,1,13,30,1,729974
1700-07-14,409.46000000000004,0,0,0,0,0,409.2,500,409.06,100,409.03,100,409.3,500,409.72,50,409.95,100,2022,8,1,13,30,1,731374
1700-07-15,409.25,0,0,0,0,0,409.2,500,409.06,100,409.03,100,409.3,500,409.72,50,409.95,100,2022,8,1,13,30,1,741594
1700-07-16,409.25,0,0,0,0,0,409.2,500,409.06,100,409.03,100,409.72,50,409.95,100,409.98,100,2022,8,1,13,30,1,744179
1700-07-17,409.46000000000004,0,0,0,0,0,409.2,500,409.06,100,409.03,100,409.3,500,409.72,50,409.95,100,2022,8,1,13,30,1,744928
1700-07-18,409.25,0,0,0,0,0,409.2,500,409.06,100,409.03,100,409.3,500,409.72,50,409.95,100,2022,8,1,13,30,1,751119
1700-07-19,409.25,0,0,0,0,0,409.2,500,409.06,100,409.03,100,409.3,500,409.72,50,409.92,100,2022,8,1,13,30,1,762713
1700-07-20,409.25,0,0,0,0,0,409.26,200,409.2,500,409.06,100,409.3,500,409.72,50,409.92,100,2022,8,1,13,30,1,772623
1700-07-21,409.28,0,0,0,0,0,409.26,200,409.2,500,409.06,100,409.72,50,409.92,100,409.95,100,2022,8,1,13,30,1,772645
1700-07-22,409.49,0,0,0,0,0,409.26,200,409.2,500,409.06,100,409.29,200,409.72,50,409.92,100,2022,8,1,13,30,1,772743
1700-07-23,409.275,0,0,0,0,0,409.26,200,409.2,500,409.06,100,409.29,300,409.72,50,409.92,100,2022,8,1,13,30,1,774309
1700-07-24,409.275,0,0,0,0,0,409.26,200,409.2,500,409.06,100,409.3,300,409.72,50,409.92,100,2022,8,1,13,30,1,790707
1700-07-25,409.28,0,0,0,0,0,409.26,200,409.2,500,409.06,100,409.3,100,409.72,50,409.92,100,2022,8,1,13,30,1,790710
1700-07-26,409.28,0,0,0,0,0,409.26,200,409.2,500,409.06,100,409.3,300,409.72,50,409.92,100,2022,8,1,13,30,1,790873
1700-07-27,409.28,0,0,0,0,0,409.26,200,409.2,500,409.06,100,409.3,100,409.72,50,409.92,100,2022,8,1,13,30,1,791319
1700-07-28,409.28,0,0,0,0,0,409.25,200,409.2,500,409.06,100,409.3,100,409.72,50,409.92,100,2022,8,1,13,30,1,796316
1700-07-29,409.275,0,0,0,0,0,409.2,500,409.06,100,409.03,100,409.3,100,409.72,50,409.92,100,2022,8,1,13,30,1,797000
1700-07-30,409.25,0,0,0,0,0,409.2,500,409.06,100,409.03,100,409.72,50,409.92,100,409.95,100,2022,8,1,13,30,1,800442
1700-07-31,409.46000000000004,0,0,0,0,0,409.2,500,409.06,100,409.03,100,409.29,200,409.72,50,409.92,100,2022,8,1,13,30,1,802224
1700-08-01,409.245,0,0,0,0,0,409.2,500,409.06,100,409.03,100,409.29,300,409.72,50,409.92,100,2022,8,1,13,30,1,817708
1700-08-02,409.245,0,0,0,0,0,409.2,500,409.06,100,409.03,100,409.29,200,409.72,50,409.92,100,2022,8,1,13,30,1,817721
1700-08-03,409.245,0,0,0,0,0,409.2,500,409.06,100,409.03,100,409.29,300,409.72,50,409.92,100,2022,8,1,13,30,1,817912
1700-08-04,409.245,0,0,0,0,0,409.2,500,409.06,100,409.03,100,409.72,50,409.92,100,409.95,100,2022,8,1,13,30,1,820694
1700-08-05,409.46000000000004,0,0,0,0,0,409.2,500,409.06,100,409.03,100,409.3,500,409.72,50,409.92,100,2022,8,1,13,30,1,820880
1700-08-06,409.25,0,0,0,0,0,409.2,500,409.06,100,409.03,100,409.72,50,409.92,100,409.95,100,2022,8,1,13,30,1,820976
1700-08-07,409.46000000000004,0,0,0,0,0,409.2,500,409.06,100,409.03,100,409.3,500,409.72,50,409.92,100,2022,8,1,13,30,1,825291
1700-08-08,409.25,0,0,0,0,0,409.2,500,409.06,100,409.03,100,409.72,50,409.92,100,409.95,100,2022,8,1,13,30,1,825665
1700-08-09,409.46000000000004,0,0,0,0,0,409.26,200,409.2,500,409.06,100,409.72,50,409.92,100,409.95,100,2022,8,1,13,30,1,897357
1700-08-10,409.49,0,0,0,0,0,409.26,200,409.25,500,409.2,500,409.72,50,409.92,100,409.95,100,2022,8,1,13,30,1,904228
1700-08-11,409.49,0,0,0,0,0,409.26,200,409.25,1000,409.2,500,409.72,50,409.92,100,409.95,100,2022,8,1,13,30,1,904229
1700-08-12,409.49,0,0,0,0,0,409.26,200,409.25,1500,409.2,500,409.72,50,409.92,100,409.95,100,2022,8,1,13,30,1,904229
1700-08-13,409.49,0,0,0,0,0,409.26,200,409.25,1000,409.2,500,409.72,50,409.92,100,409.95,100,2022,8,1,13,30,1,904556
1700-08-14,409.49,0,0,0,0,0,409.26,200,409.25,500,409.2,500,409.72,50,409.92,100,409.95,100,2022,8,1,13,30,1,909217
1700-08-15,409.49,0,0,0,0,0,409.26,200,409.2,500,409.06,100,409.72,50,409.92,100,409.95,100,2022,8,1,13,30,1,909217
1700-08-16,409.49,0,0,0,0,0,409.25,200,409.2,500,409.06,100,409.72,50,409.92,100,409.95,100,2022,8,1,13,30,1,918513
1700-08-17,409.485,0,0,0,0,0,409.2,500,409.06,100,409.03,100,409.72,50,409.92,100,409.95,100,2022,8,1,13,30,1,918759
1700-08-18,409.46000000000004,0,0,0,0,0,409.24,200,409.2,500,409.06,100,409.72,50,409.92,100,409.95,100,2022,8,1,13,30,1,944674
1700-08-19,409.48,0,0,0,0,0,409.24,700,409.2,500,409.06,100,409.72,50,409.92,100,409.95,100,2022,8,1,13,30,2,979
1700-08-20,409.48,0,0,0,0,0,409.24,200,409.2,500,409.06,100,409.72,50,409.92,100,409.95,100,2022,8,1,13,30,2,18496
1700-08-21,409.48,0,0,0,0,0,409.2,500,409.06,100,409.03,100,409.72,50,409.92,100,409.95,100,2022,8,1,13,30,2,22447
1700-08-22,409.46000000000004,0,0,0,0,0,409.24,200,409.2,500,409.06,100,409.72,50,409.92,100,409.95,100,2022,8,1,13,30,2,22600
1700-08-23,409.48,0,0,0,0,0,409.24,100,409.2,500,409.06,100,409.72,50,409.92,100,409.95,100,2022,8,1,13,30,2,25733
1700-08-24,409.48,0,0,0,0,0,409.24,600,409.2,500,409.06,100,409.72,50,409.92,100,409.95,100,2022,8,1,13,30,2,27685
1700-08-25,409.48,0,0,0,0,0,409.24,1100,409.2,500,409.06,100,409.72,50,409.92,100,409.95,100,2022,8,1,13,30,2,27694
1700-08-26,409.48,0,0,0,0,0,409.23,1100,409.2,500,409.06,100,409.72,50,409.92,100,409.95,100,2022,8,1,13,30,2,29221
1700-08-27,409.475,0,0,0,0,0,409.23,600,409.2,500,409.06,100,409.72,50,409.92,100,409.95,100,2022,8,1,13,30,2,29356
1700-08-28,409.475,0,0,0,0,0,409.23,600,409.2,500,409.06,100,409.3,500,409.72,50,409.92,100,2022,8,1,13,30,2,29558
1700-08-29,409.265,0,0,0,0,0,409.23,600,409.2,500,409.06,100,409.72,50,409.92,100,409.95,100,2022,8,1,13,30,2,29563
1700-08-30,409.475,0,0,0,0,0,409.23,600,409.2,500,409.06,100,409.3,500,409.72,50,409.92,100,2022,8,1,13,30,2,29690
1700-08-31,409.265,0,0,0,0,0,409.23,600,409.2,500,409.06,100,409.72,50,409.92,100,409.95,100,2022,8,1,13,30,2,29691
1700-09-01,409.475,0,0,0,0,0,409.23,100,409.2,500,409.06,100,409.72,50,409.92,100,409.95,100,2022,8,1,13,30,2,29777
1700-09-02,409.475,0,0,0,0,0,409.2,500,409.06,100,409.03,100,409.72,50,409.92,100,409.95,100,2022,8,1,13,30,2,29815
1700-09-03,409.46000000000004,0,0,0,0,0,409.2,500,409.06,100,409.03,100,409.28,500,409.72,50,409.92,100,2022,8,1,13,30,2,30021
1700-09-04,409.24,0,0,0,0,0,409.2,500,409.06,100,409.03,100,409.72,50,409.92,100,409.95,100,2022,8,1,13,30,2,30065
1700-09-05,409.46000000000004,0,0,0,0,0,409.2,500,409.06,100,409.03,100,409.29,200,409.72,50,409.92,100,2022,8,1,13,30,2,30106
1700-09-06,409.245,0,0,0,0,0,409.23,500,409.2,500,409.06,100,409.29,200,409.72,50,409.92,100,2022,8,1,13,30,2,30206
1700-09-07,409.26,0,0,0,0,0,409.23,500,409.06,100,409.03,100,409.29,200,409.72,50,409.92,100,2022,8,1,13,30,2,30544
1700-09-08,409.26,0,0,0,0,0,409.06,100,409.03,100,408.99,100,409.29,200,409.72,50,409.92,100,2022,8,1,13,30,2,30550
1700-09-09,409.175,0,0,0,0,0,409.23,500,409.06,100,409.03,100,409.29,200,409.72,50,409.92,100,2022,8,1,13,30,2,30555
1700-09-10,409.26,0,0,0,0,0,409.23,500,409.06,100,409.03,100,409.72,50,409.92,100,409.95,100,2022,8,1,13,30,2,30651
1700-09-11,409.475,0,0,0,0,0,409.06,100,409.03,100,408.99,100,409.72,50,409.92,100,409.95,100,2022,8,1,13,30,2,31194
1700-09-12,409.39,0,0,0,0,0,409.07,100,409.06,100,409.03,100,409.72,50,409.92,100,409.95,100,2022,8,1,13,30,2,32062
1700-09-13,409.395,0,0,0,0,0,409.07,100,409.06,100,409.03,100,409.29,500,409.72,50,409.92,100,2022,8,1,13,30,2,35867
1700-09-14,409.18,0,0,0,0,0,409.07,100,409.06,100,409.03,100,409.72,50,409.92,100,409.95,100,2022,8,1,13,30,2,36664
1700-09-15,409.395,0,0,0,0,0,409.23,500,409.07,100,409.06,100,409.72,50,409.92,100,409.95,100,2022,8,1,13,30,2,37341
1700-09-16,409.475,0,0,0,0,0,409.23,500,409.07,100,409.06,100,409.28,200,409.72,50,409.92,100,2022,8,1,13,30,2,37682
1700-09-17,409.255,0,0,0,0,0,409.07,100,409.06,100,409.03,100,409.28,200,409.72,50,409.92,100,2022,8,1,13,30,2,37943
1700-09-18,409.17499999999995,0,0,0,0,0,409.07,100,409.06,100,409.03,100,409.28,300,409.72,50,409.92,100,2022,8,1,13,30,2,38170
1700-09-19,409.17499999999995,0,0,0,0,0,409.07,100,409.06,100,409.03,100,409.29,300,409.72,50,409.92,100,2022,8,1,13,30,2,39190
1700-09-20,409.18,0,0,0,0,0,409.07,100,409.06,100,409.03,100,409.29,100,409.72,50,409.92,100,2022,8,1,13,30,2,39365
1700-09-21,409.18,0,0,0,0,0,409.07,100,409.06,100,409.03,100,409.72,50,409.92,100,409.95,100,2022,8,1,13,30,2,39412
1700-09-22,409.395,0,0,0,0,0,409.23,500,409.07,100,409.06,100,409.72,50,409.92,100,409.95,100,2022,8,1,13,30,2,39536
1700-09-23,409.475,0,0,0,0,0,409.23,1000,409.07,100,409.06,100,409.72,50,409.92,100,409.95,100,2022,8,1,13,30,2,44448
1700-09-24,409.475,0,0,0,0,0,409.23,500,409.07,100,409.06,100,409.72,50,409.92,100,409.95,100,2022,8,1,13,30,2,58179
1700-09-25,409.475,0,0,0,0,0,409.07,100,409.06,100,409.03,100,409.72,50,409.92,100,409.95,100,2022,8,1,13,30,2,58201
1700-09-26,409.395,0,0,0,0,0,409.07,100,409.06,100,409.03,100,409.28,500,409.72,50,409.92,100,2022,8,1,13,30,2,58222
1700-09-27,409.17499999999995,0,0,0,0,0,409.07,100,409.06,100,409.03,100,409.28,1000,409.72,50,409.92,100,2022,8,1,13,30,2,59047
1700-09-28,409.17499999999995,0,0,0,0,0,409.07,100,409.06,100,409.03,100,409.28,500,409.72,50,409.92,100,2022,8,1,13,30,2,59058
1700-09-29,409.17499999999995,0,0,0,0,0,409.07,100,409.06,100,409.03,100,409.72,50,409.92,100,409.95,100,2022,8,1,13,30,2,59058
1700-09-30,409.395,0,0,0,0,0,409.07,100,409.06,100,409.03,100,409.27,200,409.72,50,409.92,100,2022,8,1,13,30,2,60631
1700-10-01,409.16999999999996,0,0,0,0,0,409.07,100,409.06,100,409.03,100,409.72,50,409.92,100,409.95,100,2022,8,1,13,30,2,61150
1700-10-02,409.395,0,0,0,0,0,409.07,100,409.06,100,409.03,100,409.27,500,409.72,50,409.92,100,2022,8,1,13,30,2,69625
1700-10-03,409.16999999999996,0,0,0,0,0,409.07,100,409.03,100,408.99,100,409.27,500,409.72,50,409.92,100,2022,8,1,13,30,2,77169
1700-10-04,409.16999999999996,0,0,0,0,0,409.07,100,409.03,100,408.99,100,409.27,500,409.72,50,409.92,100,2022,8,1,13,30,2,77903
1700-10-05,409.16999999999996,0,0,0,0,0,409.07,100,409.03,100,408.99,100,409.72,50,409.92,100,409.95,100,2022,8,1,13,30,2,78923
1700-10-06,409.395,0,0,0,0,0,409.07,100,409.03,100,408.99,100,409.28,500,409.72,50,409.92,100,2022,8,1,13,30,2,81274
1700-10-07,409.17499999999995,0,0,0,0,0,409.07,100,409.03,100,408.99,100,409.28,1000,409.72,50,409.92,100,2022,8,1,13,30,2,85776
1700-10-08,409.17499999999995,0,0,0,0,0,409.07,100,409.03,100,408.99,100,409.28,500,409.72,50,409.92,100,2022,8,1,13,30,2,85963
1700-10-09,409.17499999999995,0,0,0,0,0,409.07,100,409.03,100,408.99,100,409.72,50,409.92,100,409.95,100,2022,8,1,13,30,2,85965
1700-10-10,409.395,0,0,0,0,0,409.07,100,409.03,100,408.99,100,409.28,500,409.72,50,409.92,100,2022,8,1,13,30,2,86725
1700-10-11,409.17499999999995,0,0,0,0,0,409.22,500,409.07,100,409.03,100,409.28,500,409.72,50,409.92,100,2022,8,1,13,30,2,88022
1700-10-12,409.25,0,0,0,0,0,409.22,1000,409.07,100,409.03,100,409.28,500,409.72,50,409.92,100,2022,8,1,13,30,2,88025
1700-10-13,409.25,0,0,0,0,0,409.22,1000,409.07,100,409.03,100,409.72,50,409.92,100,409.95,100,2022,8,1,13,30,2,88026
1700-10-14,409.47,0,0,0,0,0,409.22,1500,409.07,100,409.03,100,409.72,50,409.92,100,409.95,100,2022,8,1,13,30,2,94760
1700-10-15,409.47,0,0,0,0,0,409.23,500,409.22,1500,409.07,100,409.72,50,409.92,100,409.95,100,2022,8,1,13,30,2,98371
1700-10-16,409.475,0,0,0,0,0,409.23,1000,409.22,1500,409.07,100,409.72,50,409.92,100,409.95,100,2022,8,1,13,30,2,98372
1700-10-17,409.475,0,0,0,0,0,409.23,1000,409.22,1500,409.07,100,409.72,50,409.89,100,409.92,100,2022,8,1,13,30,2,99113
1700-10-18,409.475,0,0,0,0,0,409.23,1000,409.22,1500,409.07,100,409.28,500,409.72,50,409.89,100,2022,8,1,13,30,2,105200
1700-10-19,409.255,0,0,0,0,0,409.23,500,409.22,1500,409.07,100,409.28,500,409.72,50,409.89,100,2022,8,1,13,30,2,105201
1700-10-20,409.255,0,0,0,0,0,409.22,1500,409.07,100,409.03,100,409.28,500,409.72,50,409.89,100,2022,8,1,13,30,2,105207
1700-10-21,409.25,0,0,0,0,0,409.22,1500,409.07,100,409.03,100,409.28,500,409.29,500,409.72,50,2022,8,1,13,30,2,105208
1700-10-22,409.25,0,0,0,0,0,409.22,1500,409.07,100,409.03,100,409.28,500,409.29,1000,409.72,50,2022,8,1,13,30,2,105209
1700-10-23,409.25,0,0,0,0,0,409.22,1000,409.07,100,409.03,100,409.28,500,409.29,1000,409.72,50,2022,8,1,13,30,2,105210
1700-10-24,409.25,0,0,0,0,0,409.22,1000,409.07,100,409.03,100,409.29,1500,409.72,50,409.89,100,2022,8,1,13,30,2,105222
1700-10-25,409.255,0,0,0,0,0,409.22,1000,409.07,100,409.03,100,409.29,1000,409.72,50,409.89,100,2022,8,1,13,30,2,105673
1700-10-26,409.255,0,0,0,0,0,409.22,1500,409.07,100,409.03,100,409.29,1000,409.72,50,409.89,100,2022,8,1,13,30,2,105679
1700-10-27,409.255,0,0,0,0,0,409.22,1500,409.07,100,409.03,100,409.29,500,409.72,50,409.89,100,2022,8,1,13,30,2,105682
1700-10-28,409.255,0,0,0,0,0,409.22,1500,409.07,100,409.03,100,409.72,50,409.89,100,409.92,100,2022,8,1,13,30,2,105971
1700-10-29,409.47,0,0,0,0,0,409.23,200,409.22,1500,409.07,100,409.72,50,409.89,100,409.92,100,2022,8,1,13,30,2,106467
1700-10-30,409.475,0,0,0,0,0,409.23,700,409.22,1500,409.07,100,409.72,50,409.89,100,409.92,100,2022,8,1,13,30,2,106985
1700-10-31,409.475,0,0,0,0,0,409.23,1200,409.22,1500,409.07,100,409.72,50,409.89,100,409.92,100,2022,8,1,13,30,2,107749
1700-11-01,409.475,0,0,0,0,0,409.23,1000,409.22,1500,409.07,100,409.72,50,409.89,100,409.92,100,2022,8,1,13,30,2,110669
1700-11-02,409.475,0,0,0,0,0,409.23,1000,409.22,1000,409.07,100,409.72,50,409.89,100,409.92,100,2022,8,1,13,30,2,122592
1700-11-03,409.475,0,0,0,0,0,409.24,500,409.23,1000,409.22,1000,409.72,50,409.89,100,409.92,100,2022,8,1,13,30,2,122593
1700-11-04,409.48,0,0,0,0,0,409.24,500,409.23,1000,409.22,1000,409.29,200,409.72,50,409.89,100,2022,8,1,13,30,2,122595
1700-11-05,409.265,0,0,0,0,0,409.24,500,409.23,1000,409.22,1000,409.72,50,409.89,100,409.92,100,2022,8,1,13,30,2,122597
1700-11-06,409.48,0,0,0,0,0,409.24,500,409.23,1000,409.22,500,409.72,50,409.89,100,409.92,100,2022,8,1,13,30,2,127171
1700-11-07,409.48,0,0,0,0,0,409.24,1000,409.23,1000,409.22,500,409.72,50,409.89,100,409.92,100,2022,8,1,13,30,2,129836
1700-11-08,409.48,0,0,0,0,0,409.24,1000,409.23,1000,409.22,500,409.72,50,409.89,100,409.92,100,2022,8,1,13,30,2,132389
1700-11-09,409.48,0,0,0,0,0,409.23,2000,409.22,500,409.03,100,409.72,50,409.89,100,409.92,100,2022,8,1,13,30,2,137195
1700-11-10,409.475,0,0,0,0,0,409.23,2000,409.03,100,408.99,100,409.72,50,409.89,100,409.92,100,2022,8,1,13,30,2,137282
1700-11-11,409.475,0,0,0,0,0,409.24,500,409.23,2000,409.03,100,409.72,50,409.89,100,409.92,100,2022,8,1,13,30,2,140827
1700-11-12,409.48,0,0,0,0,0,409.24,1000,409.23,2000,409.03,100,409.72,50,409.89,100,409.92,100,2022,8,1,13,30,2,140973
1700-11-13,409.48,0,0,0,0,0,409.24,1200,409.23,2000,409.03,100,409.72,50,409.89,100,409.92,100,2022,8,1,13,30,2,155948
1700-11-14,409.48,0,0,0,0,0,409.24,1200,409.23,1500,409.03,100,409.72,50,409.89,100,409.92,100,2022,8,1,13,30,2,156377
1700-11-15,409.48,0,0,0,0,0,409.24,1200,409.23,1000,409.03,100,409.72,50,409.89,100,409.92,100,2022,8,1,13,30,2,156531
1700-11-16,409.48,0,0,0,0,0,409.24,700,409.23,1000,409.03,100,409.72,50,409.89,100,409.92,100,2022,8,1,13,30,2,156532
1700-11-17,409.48,0,0,0,0,0,409.24,200,409.23,1000,409.03,100,409.72,50,409.89,100,409.92,100,2022,8,1,13,30,2,159193
1700-11-18,409.48,0,0,0,0,0,409.24,200,409.23,500,409.03,100,409.72,50,409.89,100,409.92,100,2022,8,1,13,30,2,159194
1700-11-19,409.48,0,0,0,0,0,409.24,200,409.03,100,408.99,100,409.72,50,409.89,100,409.92,100,2022,8,1,13,30,2,159194
1700-11-20,409.48,0,0,0,0,0,409.03,100,408.99,100,408.96,100,409.72,50,409.89,100,409.92,100,2022,8,1,13,30,2,159196
1700-11-21,409.375,0,0,0,0,0,409.04,100,409.03,100,408.99,100,409.72,50,409.89,100,409.92,100,2022,8,1,13,30,2,159977
1700-11-22,409.38,0,0,0,0,0,409.04,100,409.03,100,408.99,100,409.3,500,409.72,50,409.89,100,2022,8,1,13,30,2,163099
1700-11-23,409.17,0,0,0,0,0,409.04,100,409.03,100,408.99,100,409.3,1000,409.72,50,409.89,100,2022,8,1,13,30,2,163101
1700-11-24,409.17,0,0,0,0,0,409.04,100,409.03,100,408.99,100,409.3,1200,409.72,50,409.89,100,2022,8,1,13,30,2,163138
1700-11-25,409.17,0,0,0,0,0,409.04,100,409.03,100,408.99,100,409.3,1000,409.72,50,409.89,100,2022,8,1,13,30,2,163240
1700-11-26,409.17,0,0,0,0,0,409.04,100,409.03,100,408.99,100,409.3,500,409.72,50,409.89,100,2022,8,1,13,30,2,163570
1700-11-27,409.17,0,0,0,0,0,409.04,100,409.03,100,408.99,100,409.72,50,409.89,100,409.92,100,2022,8,1,13,30,2,163572
1700-11-28,409.38,0,0,0,0,0,409.04,100,409.03,100,408.99,100,409.29,200,409.72,50,409.89,100,2022,8,1,13,30,2,163804
1700-11-29,409.165,0,0,0,0,0,409.04,100,409.03,100,408.99,100,409.72,50,409.89,100,409.92,100,2022,8,1,13,30,2,164082
1700-11-30,409.38,0,0,0,0,0,409.23,500,409.04,100,409.03,100,409.72,50,409.89,100,409.92,100,2022,8,1,13,30,2,167015
1700-12-01,409.475,0,0,0,0,0,409.23,1000,409.04,100,409.03,100,409.72,50,409.89,100,409.92,100,2022,8,1,13,30,2,167072
1700-12-02,409.475,0,0,0,0,0,409.23,1000,409.04,100,409.03,100,409.29,200,409.72,50,409.89,100,2022,8,1,13,30,2,169879
1700-12-03,409.26,0,0,0,0,0,409.23,1000,409.04,100,409.03,100,409.72,50,409.89,100,409.92,100,2022,8,1,13,30,2,170336
1700-12-04,409.475,0,0,0,0,0,409.23,1000,409.04,100,409.03,100,409.29,200,409.72,50,409.89,100,2022,8,1,13,30,2,182784
1700-12-05,409.26,0,0,0,0,0,409.23,1000,409.04,100,409.03,100,409.3,200,409.72,50,409.89,100,2022,8,1,13,30,2,189872
1700-12-06,409.265,0,0,0,0,0,409.23,500,409.04,100,409.03,100,409.3,200,409.72,50,409.89,100,2022,8,1,13,30,2,190206
1700-12-07,409.265,0,0,0,0,0,409.04,100,409.03,100,408.99,100,409.3,200,409.72,50,409.89,100,2022,8,1,13,30,2,190209
1700-12-08,409.17,0,0,0,0,0,409.04,100,409.03,100,408.99,100,409.72,50,409.89,100,409.92,100,2022,8,1,13,30,2,190441
1700-12-09,409.38,0,0,0,0,0,409.23,500,409.04,100,409.03,100,409.72,50,409.89,100,409.92,100,2022,8,1,13,30,2,208043
1700-12-10,409.475,0,0,0,0,0,409.23,1000,409.04,100,409.03,100,409.72,50,409.89,100,409.92,100,2022,8,1,13,30,2,208044
1700-12-11,409.475,0,0,0,0,0,409.24,500,409.23,1000,409.04,100,409.72,50,409.89,100,409.92,100,2022,8,1,13,30,2,211427
1700-12-12,409.48,0,0,0,0,0,409.23,1000,409.04,100,409.03,100,409.72,50,409.89,100,409.92,100,2022,8,1,13,30,2,213082
1700-12-13,409.475,0,0,0,0,0,409.23,500,409.04,100,409.03,100,409.72,50,409.89,100,409.92,100,2022,8,1,13,30,2,220296
1700-12-14,409.475,0,0,0,0,0,409.04,100,409.03,100,408.99,100,409.72,50,409.89,100,409.92,100,2022,8,1,13,30,2,220357
1700-12-15,409.38,0,0,0,0,0,409.04,100,409.03,100,408.99,100,409.28,200,409.72,50,409.89,100,2022,8,1,13,30,2,221063
1700-12-16,409.15999999999997,0,0,0,0,0,409.04,100,409.03,100,408.99,100,409.72,50,409.89,100,409.92,100,2022,8,1,13,30,2,230765
1700-12-17,409.38,0,0,0,0,0,409.23,200,409.04,100,409.03,100,409.72,50,409.89,100,409.92,100,2022,8,1,13,30,2,238408
1700-12-18,409.475,0,0,0,0,0,409.04,100,409.03,100,408.99,100,409.72,50,409.89,100,409.92,100,2022,8,1,13,30,2,247510
1700-12-19,409.38,0,0,0,0,0,409.04,100,408.99,100,408.96,100,409.72,50,409.89,100,409.92,100,2022,8,1,13,30,2,250472
1700-12-20,409.38,0,0,0,0,0,409.04,100,408.99,100,408.96,100,409.72,50,409.89,100,409.92,100,2022,8,1,13,30,2,251471
1700-12-21,409.38,0,0,0,0,0,409.04,100,408.99,100,408.96,100,409.3,200,409.72,50,409.89,100,2022,8,1,13,30,2,284500
1700-12-22,409.17,0,0,0,0,0,409.04,100,408.99,100,408.96,100,409.29,500,409.3,200,409.72,50,2022,8,1,13,30,2,286398
1700-12-23,409.165,0,0,0,0,0,409.04,100,408.99,100,408.96,100,409.3,200,409.72,50,409.89,100,2022,8,1,13,30,2,286529
1700-12-24,409.17,0,0,0,0,0,409.04,100,408.99,100,408.96,100,409.72,50,409.89,100,409.92,100,2022,8,1,13,30,2,286868
1700-12-25,409.38,0,0,0,0,0,409.04,100,408.99,100,408.96,100,409.3,500,409.72,50,409.89,100,2022,8,1,13,30,2,288068
1700-12-26,409.17,0,0,0,0,0,409.04,100,408.99,100,408.96,100,409.72,50,409.89,100,409.92,100,2022,8,1,13,30,2,288272
1700-12-27,409.38,0,0,0,0,0,409.04,100,408.99,100,408.96,100,409.3,500,409.72,50,409.89,100,2022,8,1,13,30,2,288753
1700-12-28,409.17,0,0,0,0,0,409.04,100,408.99,100,408.96,100,409.3,700,409.72,50,409.89,100,2022,8,1,13,30,2,289554
1700-12-29,409.17,0,0,0,0,0,409.04,100,408.99,100,408.96,100,409.3,200,409.72,50,409.89,100,2022,8,1,13,30,2,294849
1700-12-30,409.17,0,0,0,0,0,409.04,100,408.99,100,408.96,100,409.72,50,409.89,100,409.92,100,2022,8,1,13,30,2,294886
1700-12-31,409.38,0,0,0,0,0,409.04,100,408.99,100,408.96,100,409.29,100,409.72,50,409.89,100,2022,8,1,13,30,2,302968
1701-01-01,409.165,0,0,0,0,0,409.04,100,408.99,100,408.96,100,409.29,300,409.72,50,409.89,100,2022,8,1,13,30,2,303078
1701-01-02,409.165,0,0,0,0,0,409.04,100,408.99,100,408.96,100,409.29,200,409.72,50,409.89,100,2022,8,1,13,30,2,303449
1701-01-03,409.165,0,0,0,0,0,409.04,100,408.99,100,408.96,100,409.72,50,409.89,100,409.92,100,2022,8,1,13,30,2,305091
1701-01-04,409.38,0,0,0,0,0,409.23,500,409.04,100,408.99,100,409.72,50,409.89,100,409.92,100,2022,8,1,13,30,2,337627
1701-01-05,409.475,0,0,0,0,0,409.04,100,408.99,100,408.96,100,409.72,50,409.89,100,409.92,100,2022,8,1,13,30,2,337774
1701-01-06,409.38,0,0,0,0,0,408.99,100,408.96,100,408.93,100,409.72,50,409.89,100,409.92,100,2022,8,1,13,30,2,338626
1701-01-07,409.355,0,0,0,0,0,409.05,100,408.99,100,408.96,100,409.72,50,409.89,100,409.92,100,2022,8,1,13,30,2,338697
1701-01-08,409.385,0,0,0,0,0,409.05,100,408.99,100,408.96,100,409.72,50,409.86,100,409.89,100,2022,8,1,13,30,2,351311
1701-01-09,409.385,0,0,0,0,0,409.05,100,408.99,100,408.96,100,409.72,50,409.86,100,409.89,100,2022,8,1,13,30,2,351311
1701-01-10,409.385,0,0,0,0,0,409.23,500,409.05,100,408.99,100,409.72,50,409.86,100,409.89,100,2022,8,1,13,30,2,365327
1701-01-11,409.475,0,0,0,0,0,409.05,100,408.99,100,408.96,100,409.72,50,409.86,100,409.89,100,2022,8,1,13,30,2,365468
1701-01-12,409.385,0,0,0,0,0,409.05,100,408.99,100,408.96,100,409.3,500,409.72,50,409.86,100,2022,8,1,13,30,2,369786
1701-01-13,409.175,0,0,0,0,0,409.05,100,408.99,100,408.96,100,409.29,200,409.3,500,409.72,50,2022,8,1,13,30,2,381345
1701-01-14,409.17,0,0,0,0,0,409.05,100,408.99,100,408.96,100,409.29,200,409.72,50,409.86,100,2022,8,1,13,30,2,381349
1701-01-15,409.17,0,0,0,0,0,409.05,100,408.99,100,408.96,100,409.72,50,409.86,100,409.89,100,2022,8,1,13,30,2,396370
1701-01-16,409.385,0,0,0,0,0,409.24,500,409.05,100,408.99,100,409.72,50,409.86,100,409.89,100,2022,8,1,13,30,2,409125
1701-01-17,409.48,0,0,0,0,0,409.24,500,409.05,100,408.99,100,409.3,100,409.72,50,409.86,100,2022,8,1,13,30,2,429489
1701-01-18,409.27,0,0,0,0,0,409.05,100,408.99,100,408.96,100,409.3,100,409.72,50,409.86,100,2022,8,1,13,30,2,429649
1701-01-19,409.175,0,0,0,0,0,409.05,100,408.99,100,408.96,100,409.72,50,409.86,100,409.89,100,2022,8,1,13,30,2,429652
1701-01-20,409.385,0,0,0,0,0,409.05,100,408.99,100,408.96,100,409.3,500,409.72,50,409.86,100,2022,8,1,13,30,2,439548
1701-01-21,409.175,0,0,0,0,0,409.05,100,408.99,100,408.96,100,409.72,50,409.86,100,409.89,100,2022,8,1,13,30,2,442819
1701-01-22,409.385,0,0,0,0,0,409.24,500,409.05,100,408.99,100,409.72,50,409.86,100,409.89,100,2022,8,1,13,30,2,445260
1701-01-23,409.48,0,0,0,0,0,409.24,500,409.05,100,408.99,100,409.3,200,409.72,50,409.86,100,2022,8,1,13,30,2,445457
1701-01-24,409.27,0,0,0,0,0,409.24,500,408.99,100,408.96,100,409.3,200,409.72,50,409.86,100,2022,8,1,13,30,2,446243
1701-01-25,409.27,0,0,0,0,0,408.99,100,408.96,100,408.93,100,409.3,200,409.72,50,409.86,100,2022,8,1,13,30,2,455003
1701-01-26,409.145,0,0,0,0,0,408.99,100,408.96,100,408.93,100,409.72,50,409.86,100,409.89,100,2022,8,1,13,30,2,455292
1701-01-27,409.355,0,0,0,0,0,409.0,100,408.99,100,408.96,100,409.72,50,409.86,100,409.89,100,2022,8,1,13,30,2,457054
1701-01-28,409.36,0,0,0,0,0,409.0,100,408.99,100,408.96,100,409.29,200,409.72,50,409.86,100,2022,8,1,13,30,2,462251
1701-01-29,409.145,0,0,0,0,0,409.0,100,408.99,100,408.96,100,409.72,50,409.86,100,409.89,100,2022,8,1,13,30,2,462413
1701-01-30,409.36,0,0,0,0,0,409.0,100,408.99,100,408.96,100,409.3,200,409.72,50,409.86,100,2022,8,1,13,30,2,462414
1701-01-31,409.15,0,0,0,0,0,409.0,100,408.99,100,408.96,100,409.72,50,409.86,100,409.89,100,2022,8,1,13,30,2,463124
1701-02-01,409.36,0,0,0,0,0,409.0,100,408.99,100,408.96,100,409.29,500,409.72,50,409.86,100,2022,8,1,13,30,2,464666
1701-02-02,409.145,0,0,0,0,0,409.0,100,408.99,100,408.96,100,409.72,50,409.86,100,409.89,100,2022,8,1,13,30,2,464826
1701-02-03,409.36,0,0,0,0,0,409.0,100,408.99,100,408.96,100,409.3,200,409.72,50,409.86,100,2022,8,1,13,30,2,478214
1701-02-04,409.15,0,0,0,0,0,409.0,100,408.99,100,408.96,100,409.3,700,409.72,50,409.86,100,2022,8,1,13,30,2,479826
1701-02-05,409.15,0,0,0,0,0,409.0,100,408.99,100,408.96,100,409.3,500,409.72,50,409.86,100,2022,8,1,13,30,2,480156
1701-02-06,409.15,0,0,0,0,0,409.0,100,408.99,100,408.96,100,409.28,10,409.3,500,409.72,50,2022,8,1,13,30,2,488183
1701-02-07,409.14,0,0,0,0,0,409.0,100,408.99,100,408.96,100,409.28,10,409.3,700,409.72,50,2022,8,1,13,30,2,489816
1701-02-08,409.14,0,0,0,0,0,409.0,100,408.99,100,408.96,100,409.28,10,409.3,200,409.72,50,2022,8,1,13,30,2,511252
1701-02-09,409.14,0,0,0,0,0,409.0,100,408.99,100,408.96,100,409.28,10,409.72,50,409.86,100,2022,8,1,13,30,2,511254
1701-02-10,409.14,0,0,0,0,0,409.0,100,408.99,100,408.96,100,409.28,10,409.72,50,409.83,100,2022,8,1,13,30,2,528894
1701-02-11,409.14,0,0,0,0,0,409.0,100,408.99,100,408.96,100,409.28,10,409.72,50,409.83,100,2022,8,1,13,30,2,529038
1701-02-12,409.14,0,0,0,0,0,409.26,200,409.0,100,408.99,100,409.28,10,409.72,50,409.83,100,2022,8,1,13,30,2,529455
1701-02-13,409.27,0,0,0,0,0,409.0,100,408.99,100,408.96,100,409.28,10,409.72,50,409.83,100,2022,8,1,13,30,2,530629
1701-02-14,409.14,0,0,0,0,0,409.0,100,408.99,100,408.96,100,409.28,10,409.3,100,409.72,50,2022,8,1,13,30,2,560058
1701-02-15,409.14,0,0,0,0,0,409.0,100,408.99,100,408.96,100,409.3,100,409.72,50,409.83,100,2022,8,1,13,30,2,560207
1701-02-16,409.15,0,0,0,0,0,409.0,100,408.99,100,408.96,100,409.72,50,409.83,100,409.86,100,2022,8,1,13,30,2,560207
1701-02-17,409.36,0,0,0,0,0,409.0,100,408.99,100,408.96,100,409.3,500,409.72,50,409.83,100,2022,8,1,13,30,2,560475
1701-02-18,409.15,0,0,0,0,0,409.0,100,408.99,100,408.96,100,409.3,700,409.72,50,409.83,100,2022,8,1,13,30,2,560578
1701-02-19,409.15,0,0,0,0,0,409.0,100,408.99,100,408.96,100,409.3,500,409.72,50,409.83,100,2022,8,1,13,30,2,560580
1701-02-20,409.15,0,0,0,0,0,409.0,100,408.99,100,408.96,100,409.72,50,409.83,100,409.86,100,2022,8,1,13,30,2,560801
1701-02-21,409.36,0,0,0,0,0,409.0,100,408.99,100,408.96,100,409.3,200,409.72,50,409.83,100,2022,8,1,13,30,2,577860
1701-02-22,409.15,0,0,0,0,0,409.0,100,408.99,100,408.96,100,409.3,700,409.72,50,409.83,100,2022,8,1,13,30,2,588960
1701-02-23,409.15,0,0,0,0,0,409.0,100,408.99,100,408.96,100,409.3,500,409.72,50,409.83,100,2022,8,1,13,30,2,603872
1701-02-24,409.15,0,0,0,0,0,409.0,100,408.96,100,408.93,100,409.3,500,409.72,50,409.83,100,2022,8,1,13,30,2,604684
1701-02-25,409.15,0,0,0,0,0,409.0,100,408.96,100,408.93,100,409.3,500,409.72,50,409.83,100,2022,8,1,13,30,2,605735
1701-02-26,409.15,0,0,0,0,0,409.0,100,408.96,100,408.93,100,409.72,50,409.83,100,409.86,100,2022,8,1,13,30,2,616390
1701-02-27,409.36,0,0,0,0,0,409.0,100,408.96,100,408.93,100,409.28,500,409.72,50,409.83,100,2022,8,1,13,30,2,639272
1701-02-28,409.14,0,0,0,0,0,409.0,100,408.96,100,408.93,100,409.28,700,409.72,50,409.83,100,2022,8,1,13,30,2,639992
1701-03-01,409.14,0,0,0,0,0,409.0,100,408.96,100,408.93,100,409.28,500,409.72,50,409.83,100,2022,8,1,13,30,2,639997
1701-03-02,409.14,0,0,0,0,0,409.0,100,408.96,100,408.93,100,409.27,200,409.28,500,409.72,50,2022,8,1,13,30,2,640270
1701-03-03,409.135,0,0,0,0,0,409.0,100,408.96,100,408.93,100,409.28,500,409.72,50,409.83,100,2022,8,1,13,30,2,640270
1701-03-04,409.14,0,0,0,0,0,409.0,100,408.96,100,408.93,100,409.26,500,409.28,500,409.72,50,2022,8,1,13,30,2,641016
1701-03-05,409.13,0,0,0,0,0,409.0,100,408.96,100,408.93,100,409.26,500,409.72,50,409.83,100,2022,8,1,13,30,2,642653
1701-03-06,409.13,0,0,0,0,0,409.21,200,409.0,100,408.96,100,409.26,500,409.72,50,409.83,100,2022,8,1,13,30,2,655962
1701-03-07,409.235,0,0,0,0,0,409.21,200,408.96,100,408.93,100,409.26,500,409.72,50,409.83,100,2022,8,1,13,30,2,656986
1701-03-08,409.235,0,0,0,0,0,409.21,200,408.96,100,408.93,100,409.26,600,409.72,50,409.83,100,2022,8,1,13,30,2,660495
1701-03-09,409.235,0,0,0,0,0,409.21,200,408.96,100,408.93,100,409.26,600,409.72,50,409.8,100,2022,8,1,13,30,2,689003
1701-03-10,409.235,0,0,0,0,0,409.21,200,408.93,100,408.9,100,409.26,600,409.72,50,409.8,100,2022,8,1,13,30,2,705476
1701-03-11,409.235,0,0,0,0,0,409.21,200,408.93,100,408.9,100,409.26,100,409.72,50,409.8,100,2022,8,1,13,30,2,705806
1701-03-12,409.235,0,0,0,0,0,408.93,100,408.9,100,385.0,2595,409.26,100,409.72,50,409.8,100,2022,8,1,13,30,2,705885
1701-03-13,409.095,0,0,0,0,0,408.93,100,408.9,100,385.0,2595,409.72,50,409.8,100,409.83,100,2022,8,1,13,30,2,706007
1701-03-14,409.32500000000005,0,0,0,0,0,408.93,100,408.9,100,408.87,100,409.72,50,409.8,100,409.83,100,2022,8,1,13,30,2,706662
1701-03-15,409.32500000000005,0,0,0,0,0,408.94,100,408.93,100,408.9,100,409.72,50,409.8,100,409.83,100,2022,8,1,13,30,2,707021
1701-03-16,409.33000000000004,0,0,0,0,0,409.22,200,408.94,100,408.93,100,409.72,50,409.8,100,409.83,100,2022,8,1,13,30,2,740915
1701-03-17,409.47,0,0,0,0,0,409.22,200,408.94,100,408.93,100,409.27,200,409.72,50,409.8,100,2022,8,1,13,30,2,758060
1701-03-18,409.245,0,0,0,0,0,408.94,100,408.93,100,408.9,100,409.27,200,409.72,50,409.8,100,2022,8,1,13,30,2,758475
1701-03-19,409.105,0,0,0,0,0,408.94,100,408.93,100,408.9,100,409.27,300,409.72,50,409.8,100,2022,8,1,13,30,2,759375
1701-03-20,409.105,0,0,0,0,0,408.94,100,408.93,100,408.9,100,409.27,100,409.72,50,409.8,100,2022,8,1,13,30,2,762226
1701-03-21,409.105,0,0,0,0,0,408.94,100,408.93,100,408.9,100,409.72,50,409.8,100,409.83,100,2022,8,1,13,30,2,770349
1701-03-22,409.33000000000004,0,0,0,0,0,409.22,200,408.94,100,408.93,100,409.72,50,409.8,100,409.83,100,2022,8,1,13,30,2,784349
1701-03-23,409.47,0,0,0,0,0,408.94,100,408.93,100,408.9,100,409.72,50,409.8,100,409.83,100,2022,8,1,13,30,2,784971
1701-03-24,409.33000000000004,0,0,0,0,0,409.21,200,408.94,100,408.93,100,409.72,50,409.8,100,409.83,100,2022,8,1,13,30,2,790633
1701-03-25,409.46500000000003,0,0,0,0,0,408.94,100,408.93,100,408.9,100,409.72,50,409.8,100,409.83,100,2022,8,1,13,30,2,790921
1701-03-26,409.33000000000004,0,0,0,0,0,409.21,200,408.94,100,408.93,100,409.72,50,409.8,100,409.83,100,2022,8,1,13,30,2,796231
1701-03-27,409.46500000000003,0,0,0,0,0,409.21,300,408.94,100,408.93,100,409.72,50,409.8,100,409.83,100,2022,8,1,13,30,2,802600
1701-03-28,409.46500000000003,0,0,0,0,0,409.21,300,408.93,100,408.9,100,409.72,50,409.8,100,409.83,100,2022,8,1,13,30,2,810893
1701-03-29,409.46500000000003,0,0,0,0,0,409.21,100,408.93,100,408.9,100,409.72,50,409.8,100,409.83,100,2022,8,1,13,30,2,813946
1701-03-30,409.46500000000003,0,0,0,0,0,409.22,200,409.21,100,408.93,100,409.72,50,409.8,100,409.83,100,2022,8,1,13,30,2,814021
1701-03-31,409.47,0,0,0,0,0,409.21,100,408.93,100,408.9,100,409.72,50,409.8,100,409.83,100,2022,8,1,13,30,2,814045
1701-04-01,409.46500000000003,0,0,0,0,0,408.93,100,408.9,100,408.87,100,409.72,50,409.8,100,409.83,100,2022,8,1,13,30,2,869861
1701-04-02,409.32500000000005,0,0,0,0,0,408.94,100,408.93,100,408.9,100,409.72,50,409.8,100,409.83,100,2022,8,1,13,30,2,870802
1701-04-03,409.33000000000004,0,0,0,0,0,409.21,200,408.94,100,408.93,100,409.72,50,409.8,100,409.83,100,2022,8,1,13,30,2,883312
1701-04-04,409.46500000000003,0,0,0,0,0,409.21,300,408.94,100,408.93,100,409.72,50,409.8,100,409.83,100,2022,8,1,13,30,2,884008
1701-04-05,409.46500000000003,0,0,0,0,0,409.21,100,408.94,100,408.93,100,409.72,50,409.8,100,409.83,100,2022,8,1,13,30,2,896625
1701-04-06,409.46500000000003,0,0,0,0,0,409.22,200,409.21,100,408.94,100,409.72,50,409.8,100,409.83,100,2022,8,1,13,30,2,896626
1701-04-07,409.47,0,0,0,0,0,409.21,100,408.94,100,408.93,100,409.72,50,409.8,100,409.83,100,2022,8,1,13,30,2,896627
1701-04-08,409.46500000000003,0,0,0,0,0,409.21,100,408.94,100,408.93,100,409.25,100,409.72,50,409.8,100,2022,8,1,13,30,2,897049
1701-04-09,409.23,0,0,0,0,0,409.21,100,408.94,100,408.93,100,409.72,50,409.8,100,409.83,100,2022,8,1,13,30,2,897049
1701-04-10,409.46500000000003,0,0,0,0,0,408.94,100,408.93,100,408.9,100,409.72,50,409.8,100,409.83,100,2022,8,1,13,30,2,897785
1701-04-11,409.33000000000004,0,0,0,0,0,408.94,100,408.93,100,408.9,100,409.25,100,409.72,50,409.8,100,2022,8,1,13,30,2,897800
1701-04-12,409.095,0,0,0,0,0,409.22,200,408.94,100,408.93,100,409.25,100,409.72,50,409.8,100,2022,8,1,13,30,2,901736
1701-04-13,409.235,0,0,0,0,0,409.22,300,408.94,100,408.93,100,409.25,100,409.72,50,409.8,100,2022,8,1,13,30,2,902566
1701-04-14,409.235,0,0,0,0,0,409.22,300,408.94,100,408.93,100,409.72,50,409.8,100,409.83,100,2022,8,1,13,30,2,918872
1701-04-15,409.47,0,0,0,0,0,409.23,100,409.22,300,408.94,100,409.72,50,409.8,100,409.83,100,2022,8,1,13,30,2,922066
1701-04-16,409.475,0,0,0,0,0,409.23,100,409.22,100,408.94,100,409.72,50,409.8,100,409.83,100,2022,8,1,13,30,2,922362
1701-04-17,409.475,0,0,0,0,0,409.23,100,408.94,100,408.93,100,409.72,50,409.8,100,409.83,100,2022,8,1,13,30,2,922846
1701-04-18,409.475,0,0,0,0,0,408.94,100,408.93,100,408.9,100,409.72,50,409.8,100,409.83,100,2022,8,1,13,30,2,924744
1701-04-19,409.33000000000004,0,0,0,0,0,409.22,200,408.94,100,408.93,100,409.72,50,409.8,100,409.83,100,2022,8,1,13,30,2,925718
1701-04-20,409.47,0,0,0,0,0,409.24,61,409.22,200,408.94,100,409.72,50,409.8,100,409.83,100,2022,8,1,13,30,2,931365
1701-04-21,409.48,0,0,0,0,0,409.25,61,409.22,200,408.94,100,409.72,50,409.8,100,409.83,100,2022,8,1,13,30,2,941318
1701-04-22,409.485,0,0,0,0,0,409.25,61,408.94,100,408.93,100,409.72,50,409.8,100,409.83,100,2022,8,1,13,30,2,942031
1701-04-23,409.485,0,0,0,0,0,409.26,61,408.94,100,408.93,100,409.72,50,409.8,100,409.83,100,2022,8,1,13,30,2,942853
1701-04-24,409.49,0,0,0,0,0,409.26,61,409.22,500,408.94,100,409.72,50,409.8,100,409.83,100,2022,8,1,13,30,2,969348
1701-04-25,409.49,0,0,0,0,0,409.26,61,408.94,100,408.93,100,409.72,50,409.8,100,409.83,100,2022,8,1,13,30,2,969530
1701-04-26,409.49,0,0,0,0,0,409.26,61,409.23,200,408.94,100,409.72,50,409.8,100,409.83,100,2022,8,1,13,30,2,969647
1701-04-27,409.49,0,0,0,0,0,409.26,61,408.94,100,408.93,100,409.72,50,409.8,100,409.83,100,2022,8,1,13,30,2,969724
1701-04-28,409.49,0,0,0,0,0,409.26,61,408.93,100,408.9,100,409.72,50,409.8,100,409.83,100,2022,8,1,13,30,2,972169
1701-04-29,409.49,0,0,0,0,0,409.26,61,409.24,200,408.93,100,409.72,50,409.8,100,409.83,100,2022,8,1,13,30,2,972258
1701-04-30,409.49,0,0,0,0,0,409.26,61,409.24,200,408.95,100,409.72,50,409.8,100,409.83,100,2022,8,1,13,30,2,972259
1701-05-01,409.49,0,0,0,0,0,409.26,61,408.95,100,408.93,100,409.72,50,409.8,100,409.83,100,2022,8,1,13,30,2,972290
1701-05-02,409.49,0,0,0,0,0,409.27,61,408.95,100,408.93,100,409.72,50,409.8,100,409.83,100,2022,8,1,13,30,2,976111
1701-05-03,409.495,0,0,0,0,0,409.29,61,408.95,100,408.93,100,409.72,50,409.8,100,409.83,100,2022,8,1,13,30,2,976461
1701-05-04,409.505,0,0,0,0,0,409.29,61,409.24,200,408.95,100,409.72,50,409.8,100,409.83,100,2022,8,1,13,30,2,977286
1701-05-05,409.505,0,0,0,0,0,409.29,61,408.95,100,408.93,100,409.72,50,409.8,100,409.83,100,2022,8,1,13,30,2,983597
1701-05-06,409.505,0,0,0,0,0,409.29,61,408.95,100,408.93,100,409.3,500,409.72,50,409.8,100,2022,8,1,13,30,3,2484
1701-05-07,409.295,0,0,0,0,0,409.29,61,408.95,100,408.93,100,409.3,1000,409.72,50,409.8,100,2022,8,1,13,30,3,2578
1701-05-08,409.295,0,0,0,0,0,408.95,100,408.93,100,408.9,100,409.3,1000,409.72,50,409.8,100,2022,8,1,13,30,3,4574
1701-05-09,409.125,0,0,0,0,0,409.24,200,408.95,100,408.93,100,409.3,1000,409.72,50,409.8,100,2022,8,1,13,30,3,5531
1701-05-10,409.27,0,0,0,0,0,409.24,300,408.95,100,408.93,100,409.3,1000,409.72,50,409.8,100,2022,8,1,13,30,3,6440
1701-05-11,409.27,0,0,0,0,0,409.24,800,408.95,100,408.93,100,409.3,1000,409.72,50,409.8,100,2022,8,1,13,30,3,11616
1701-05-12,409.27,0,0,0,0,0,409.24,600,408.95,100,408.93,100,409.3,1000,409.72,50,409.8,100,2022,8,1,13,30,3,12144
1701-05-13,409.27,0,0,0,0,0,409.24,800,408.95,100,408.93,100,409.3,1000,409.72,50,409.8,100,2022,8,1,13,30,3,12439
1701-05-14,409.27,0,0,0,0,0,409.24,600,408.95,100,408.93,100,409.3,1000,409.72,50,409.8,100,2022,8,1,13,30,3,12441
1701-05-15,409.27,0,0,0,0,0,409.24,100,408.95,100,408.93,100,409.3,1000,409.72,50,409.8,100,2022,8,1,13,30,3,12736
1701-05-16,409.27,0,0,0,0,0,409.24,100,408.95,100,408.93,100,409.3,500,409.72,50,409.8,100,2022,8,1,13,30,3,15173
1701-05-17,409.27,0,0,0,0,0,409.24,100,408.95,100,408.93,100,409.29,500,409.3,500,409.72,50,2022,8,1,13,30,3,21782
1701-05-18,409.265,0,0,0,0,0,409.24,300,408.95,100,408.93,100,409.29,500,409.3,500,409.72,50,2022,8,1,13,30,3,22209
1701-05-19,409.265,0,0,0,0,0,409.24,300,408.95,100,408.93,100,409.29,500,409.72,50,409.8,100,2022,8,1,13,30,3,22213
1701-05-20,409.265,0,0,0,0,0,409.24,100,408.95,100,408.93,100,409.29,500,409.72,50,409.8,100,2022,8,1,13,30,3,22213
1701-05-21,409.265,0,0,0,0,0,409.24,100,408.95,100,408.93,100,409.28,100,409.29,500,409.72,50,2022,8,1,13,30,3,23332
1701-05-22,409.26,0,0,0,0,0,409.24,600,408.95,100,408.93,100,409.28,100,409.29,500,409.72,50,2022,8,1,13,30,3,24101
1701-05-23,409.26,0,0,0,0,0,409.24,1100,408.95,100,408.93,100,409.28,100,409.29,500,409.72,50,2022,8,1,13,30,3,24101
1701-05-24,409.26,0,0,0,0,0,409.24,1100,408.95,100,408.93,100,409.29,500,409.72,50,409.8,100,2022,8,1,13,30,3,24675
1701-05-25,409.265,0,0,0,0,0,409.24,600,408.95,100,408.93,100,409.29,500,409.72,50,409.8,100,2022,8,1,13,30,3,28453
1701-05-26,409.265,0,0,0,0,0,409.24,100,408.95,100,408.93,100,409.29,500,409.72,50,409.8,100,2022,8,1,13,30,3,28454
1701-05-27,409.265,0,0,0,0,0,409.24,100,408.95,100,408.93,100,409.72,50,409.8,100,409.83,100,2022,8,1,13,30,3,29966
1701-05-28,409.48,0,0,0,0,0,408.95,100,408.93,100,408.9,100,409.72,50,409.8,100,409.83,100,2022,8,1,13,30,3,33487
1701-05-29,409.33500000000004,0,0,0,0,0,408.95,100,408.93,100,408.9,100,409.28,500,409.72,50,409.8,100,2022,8,1,13,30,3,35665
1701-05-30,409.115,0,0,0,0,0,408.95,100,408.93,100,408.9,100,409.72,50,409.8,100,409.83,100,2022,8,1,13,30,3,35676
1701-05-31,409.33500000000004,0,0,0,0,0,409.22,500,408.95,100,408.93,100,409.72,50,409.8,100,409.83,100,2022,8,1,13,30,3,35849
1701-06-01,409.47,0,0,0,0,0,408.95,100,408.93,100,408.9,100,409.72,50,409.8,100,409.83,100,2022,8,1,13,30,3,36743
1701-06-02,409.33500000000004,0,0,0,0,0,409.22,500,408.95,100,408.93,100,409.72,50,409.8,100,409.83,100,2022,8,1,13,30,3,38616
1701-06-03,409.47,0,0,0,0,0,409.22,1000,408.95,100,408.93,100,409.72,50,409.8,100,409.83,100,2022,8,1,13,30,3,38735
1701-06-04,409.47,0,0,0,0,0,409.22,500,408.95,100,408.93,100,409.72,50,409.8,100,409.83,100,2022,8,1,13,30,3,44188
1701-06-05,409.47,0,0,0,0,0,408.95,100,408.93,100,408.9,100,409.72,50,409.8,100,409.83,100,2022,8,1,13,30,3,44192
1701-06-06,409.33500000000004,0,0,0,0,0,409.22,200,408.95,100,408.93,100,409.72,50,409.8,100,409.83,100,2022,8,1,13,30,3,47492
1701-06-07,409.47,0,0,0,0,0,408.95,100,408.93,100,408.9,100,409.72,50,409.8,100,409.83,100,2022,8,1,13,30,3,48798
1701-06-08,409.33500000000004,0,0,0,0,0,408.95,100,408.93,100,408.9,100,409.27,500,409.72,50,409.8,100,2022,8,1,13,30,3,51187
1701-06-09,409.11,0,0,0,0,0,408.95,100,408.93,100,408.9,100,409.27,1000,409.72,50,409.8,100,2022,8,1,13,30,3,51190
1701-06-10,409.11,0,0,0,0,0,408.95,100,408.93,100,408.9,100,409.27,500,409.72,50,409.8,100,2022,8,1,13,30,3,51191
1701-06-11,409.11,0,0,0,0,0,408.95,100,408.93,100,408.9,100,409.72,50,409.8,100,409.83,100,2022,8,1,13,30,3,51193
1701-06-12,409.33500000000004,0,0,0,0,0,409.22,100,408.95,100,408.93,100,409.72,50,409.8,100,409.83,100,2022,8,1,13,30,3,51661
1701-06-13,409.47,0,0,0,0,0,409.21,100,408.95,100,408.93,100,409.72,50,409.8,100,409.83,100,2022,8,1,13,30,3,55117
1701-06-14,409.46500000000003,0,0,0,0,0,409.21,100,408.95,100,408.93,100,409.27,500,409.72,50,409.8,100,2022,8,1,13,30,3,65306
1701-06-15,409.24,0,0,0,0,0,409.21,100,408.95,100,408.93,100,409.27,1000,409.72,50,409.8,100,2022,8,1,13,30,3,65391
1701-06-16,409.24,0,0,0,0,0,408.95,100,408.93,100,408.9,100,409.27,1000,409.72,50,409.8,100,2022,8,1,13,30,3,65865
1701-06-17,409.11,0,0,0,0,0,408.95,100,408.93,100,408.9,100,409.27,500,409.72,50,409.8,100,2022,8,1,13,30,3,81620
1701-06-18,409.11,0,0,0,0,0,408.95,100,408.93,100,408.9,100,409.72,50,409.8,100,409.83,100,2022,8,1,13,30,3,81648
1701-06-19,409.33500000000004,0,0,0,0,0,408.95,100,408.93,100,408.9,100,409.27,500,409.72,50,409.8,100,2022,8,1,13,30,3,82438
1701-06-20,409.11,0,0,0,0,0,408.95,100,408.93,100,408.9,100,409.72,50,409.8,100,409.83,100,2022,8,1,13,30,3,82462
1701-06-21,409.33500000000004,0,0,0,0,0,409.22,500,408.95,100,408.93,100,409.72,50,409.8,100,409.83,100,2022,8,1,13,30,3,83592
1701-06-22,409.47,0,0,0,0,0,409.22,1000,408.95,100,408.93,100,409.72,50,409.8,100,409.83,100,2022,8,1,13,30,3,83595
1701-06-23,409.47,0,0,0,0,0,409.22,500,408.95,100,408.93,100,409.72,50,409.8,100,409.83,100,2022,8,1,13,30,3,83952
1701-06-24,409.47,0,0,0,0,0,408.95,100,408.93,100,408.9,100,409.72,50,409.8,100,409.83,100,2022,8,1,13,30,3,83954
1701-06-25,409.33500000000004,0,0,0,0,0,409.22,500,408.95,100,408.93,100,409.72,50,409.8,100,409.83,100,2022,8,1,13,30,3,84461
1701-06-26,409.47,0,0,0,0,0,409.22,700,408.95,100,408.93,100,409.72,50,409.8,100,409.83,100,2022,8,1,13,30,3,84877
1701-06-27,409.47,0,0,0,0,0,409.22,700,408.93,100,408.9,100,409.72,50,409.8,100,409.83,100,2022,8,1,13,30,3,85078
1701-06-28,409.47,0,0,0,0,0,409.22,700,408.93,100,408.9,100,409.29,500,409.72,50,409.8,100,2022,8,1,13,30,3,85370
1701-06-29,409.255,0,0,0,0,0,409.22,700,408.96,100,408.93,100,409.29,500,409.72,50,409.8,100,2022,8,1,13,30,3,85420
1701-06-30,409.255,0,0,0,0,0,409.22,700,408.96,100,408.93,100,409.29,1000,409.72,50,409.8,100,2022,8,1,13,30,3,86084
1701-07-01,409.255,0,0,0,0,0,409.22,500,408.96,100,408.93,100,409.29,1000,409.72,50,409.8,100,2022,8,1,13,30,3,87738
1701-07-02,409.255,0,0,0,0,0,409.23,200,409.22,500,408.96,100,409.29,1000,409.72,50,409.8,100,2022,8,1,13,30,3,87741
1701-07-03,409.26,0,0,0,0,0,409.22,500,408.96,100,408.93,100,409.29,1000,409.72,50,409.8,100,2022,8,1,13,30,3,87742
1701-07-04,409.255,0,0,0,0,0,409.22,500,408.96,100,408.93,100,409.28,500,409.29,1000,409.72,50,2022,8,1,13,30,3,91584
1701-07-05,409.25,0,0,0,0,0,409.22,500,408.96,100,408.93,100,409.29,1000,409.72,50,409.8,100,2022,8,1,13,30,3,91584
1701-07-06,409.255,0,0,0,0,0,409.22,500,408.96,100,408.93,100,409.28,38,409.29,1000,409.72,50,2022,8,1,13,30,3,92539
1701-07-07,409.25,0,0,0,0,0,409.23,200,409.22,500,408.96,100,409.28,38,409.29,1000,409.72,50,2022,8,1,13,30,3,93575
1701-07-08,409.255,0,0,0,0,0,409.22,700,408.96,100,408.93,100,409.28,38,409.29,1000,409.72,50,2022,8,1,13,30,3,94848
1701-07-09,409.25,0,0,0,0,0,409.22,700,408.96,100,408.93,100,409.28,106,409.29,1000,409.72,50,2022,8,1,13,30,3,95002
1701-07-10,409.25,0,0,0,0,0,409.22,500,408.96,100,408.93,100,409.28,106,409.29,1000,409.72,50,2022,8,1,13,30,3,95155
1701-07-11,409.25,0,0,0,0,0,409.22,500,408.96,100,408.93,100,409.28,106,409.29,500,409.72,50,2022,8,1,13,30,3,96155
1701-07-12,409.25,0,0,0,0,0,409.22,500,408.96,100,408.93,100,409.28,106,409.72,50,409.8,100,2022,8,1,13,30,3,96157
1701-07-13,409.25,0,0,0,0,0,409.22,500,409.21,500,408.96,100,409.28,106,409.72,50,409.8,100,2022,8,1,13,30,3,97948
1701-07-14,409.25,0,0,0,0,0,409.22,500,409.21,1000,408.96,100,409.28,106,409.72,50,409.8,100,2022,8,1,13,30,3,97949
1701-07-15,409.25,0,0,0,0,0,409.22,700,409.21,1000,408.96,100,409.28,106,409.72,50,409.8,100,2022,8,1,13,30,3,97985
1701-07-16,409.25,0,0,0,0,0,409.23,500,409.22,700,409.21,1000,409.28,106,409.72,50,409.8,100,2022,8,1,13,30,3,99312
1701-07-17,409.255,0,0,0,0,0,409.23,500,409.22,200,409.21,1000,409.28,106,409.72,50,409.8,100,2022,8,1,13,30,3,99313
1701-07-18,409.255,0,0,0,0,0,409.23,500,409.22,200,409.21,500,409.28,106,409.72,50,409.8,100,2022,8,1,13,30,3,99315
1701-07-19,409.255,0,0,0,0,0,409.23,500,409.22,200,408.96,100,409.28,106,409.72,50,409.8,100,2022,8,1,13,30,3,99315
1701-07-20,409.255,0,0,0,0,0,409.23,500,408.96,100,408.93,100,409.28,106,409.72,50,409.8,100,2022,8,1,13,30,3,99315
1701-07-21,409.255,0,0,0,0,0,409.22,500,408.96,100,408.93,100,409.28,106,409.72,50,409.8,100,2022,8,1,13,30,3,103208
1701-07-22,409.25,0,0,0,0,0,408.96,100,408.93,100,408.9,100,409.28,106,409.72,50,409.8,100,2022,8,1,13,30,3,103215
1701-07-23,409.12,0,0,0,0,0,408.96,100,408.93,100,408.9,100,409.28,38,409.72,50,409.8,100,2022,8,1,13,30,3,108819
1701-07-24,409.12,0,0,0,0,0,408.96,100,408.93,100,408.9,100,409.72,50,409.8,100,409.83,100,2022,8,1,13,30,3,120048
1701-07-25,409.34000000000003,0,0,0,0,0,408.96,100,408.93,100,408.9,100,409.26,500,409.72,50,409.8,100,2022,8,1,13,30,3,125487
1701-07-26,409.11,0,0,0,0,0,408.96,100,408.93,100,408.9,100,409.26,1000,409.72,50,409.8,100,2022,8,1,13,30,3,125488
1701-07-27,409.11,0,0,0,0,0,408.96,100,408.93,100,408.9,100,409.26,500,409.72,50,409.8,100,2022,8,1,13,30,3,126362
1701-07-28,409.11,0,0,0,0,0,409.21,500,408.96,100,408.93,100,409.26,500,409.72,50,409.8,100,2022,8,1,13,30,3,126366
1701-07-29,409.235,0,0,0,0,0,409.21,500,408.96,100,408.93,100,409.72,50,409.8,100,409.83,100,2022,8,1,13,30,3,126370
1701-07-30,409.46500000000003,0,0,0,0,0,408.96,100,408.93,100,408.9,100,409.72,50,409.8,100,409.83,100,2022,8,1,13,30,3,126377
1701-07-31,409.34000000000003,0,0,0,0,0,409.23,500,408.96,100,408.93,100,409.72,50,409.8,100,409.83,100,2022,8,1,13,30,3,127666
1701-08-01,409.475,0,0,0,0,0,409.23,1000,408.96,100,408.93,100,409.72,50,409.8,100,409.83,100,2022,8,1,13,30,3,127667
1701-08-02,409.475,0,0,0,0,0,409.23,500,408.96,100,408.93,100,409.72,50,409.8,100,409.83,100,2022,8,1,13,30,3,128292
1701-08-03,409.475,0,0,0,0,0,408.96,100,408.93,100,408.9,100,409.72,50,409.8,100,409.83,100,2022,8,1,13,30,3,128293
1701-08-04,409.34000000000003,0,0,0,0,0,408.96,100,408.93,100,408.9,100,409.29,500,409.72,50,409.8,100,2022,8,1,13,30,3,131137
1701-08-05,409.125,0,0,0,0,0,408.96,100,408.93,100,408.9,100,409.28,500,409.29,500,409.72,50,2022,8,1,13,30,3,134684
1701-08-06,409.12,0,0,0,0,0,408.96,100,408.93,100,408.9,100,409.29,500,409.72,50,409.8,100,2022,8,1,13,30,3,135239
1701-08-07,409.125,0,0,0,0,0,408.96,100,408.93,100,408.9,100,409.72,50,409.8,100,409.83,100,2022,8,1,13,30,3,135241
1701-08-08,409.34000000000003,0,0,0,0,0,408.93,100,408.9,100,408.87,100,409.72,50,409.8,100,409.83,100,2022,8,1,13,30,3,135429
1701-08-09,409.32500000000005,0,0,0,0,0,408.93,100,408.9,100,408.87,100,409.29,200,409.72,50,409.8,100,2022,8,1,13,30,3,148020
1701-08-10,409.11,0,0,0,0,0,408.93,100,408.9,100,408.87,100,409.72,50,409.8,100,409.83,100,2022,8,1,13,30,3,160657
1701-08-11,409.32500000000005,0,0,0,0,0,408.94,100,408.93,100,408.9,100,409.72,50,409.8,100,409.83,100,2022,8,1,13,30,3,171096
1701-08-12,409.33000000000004,0,0,0,0,0,408.94,100,408.93,100,408.9,100,409.29,200,409.72,50,409.8,100,2022,8,1,13,30,3,186984
1701-08-13,409.115,0,0,0,0,0,409.23,200,408.94,100,408.93,100,409.29,200,409.72,50,409.8,100,2022,8,1,13,30,3,187098
1701-08-14,409.26,0,0,0,0,0,408.94,100,408.93,100,408.9,100,409.29,200,409.72,50,409.8,100,2022,8,1,13,30,3,188528
1701-08-15,409.115,0,0,0,0,0,408.94,100,408.93,100,408.9,100,409.72,50,409.8,100,409.83,100,2022,8,1,13,30,3,188867
1701-08-16,409.33000000000004,0,0,0,0,0,409.23,200,408.94,100,408.93,100,409.72,50,409.8,100,409.83,100,2022,8,1,13,30,3,211825
1701-08-17,409.475,0,0,0,0,0,408.94,100,408.93,100,408.9,100,409.72,50,409.8,100,409.83,100,2022,8,1,13,30,3,212431
1701-08-18,409.33000000000004,0,0,0,0,0,408.94,100,408.93,100,408.9,100,409.28,500,409.72,50,409.8,100,2022,8,1,13,30,3,225698
1701-08-19,409.11,0,0,0,0,0,408.94,100,408.93,100,408.9,100,409.27,500,409.28,500,409.72,50,2022,8,1,13,30,3,225700
1701-08-20,409.105,0,0,0,0,0,408.94,100,408.93,100,408.9,100,409.27,500,409.72,50,409.8,100,2022,8,1,13,30,3,225992
1701-08-21,409.105,0,0,0,0,0,408.94,100,408.93,100,408.9,100,409.72,50,409.8,100,409.83,100,2022,8,1,13,30,3,225992
1701-08-22,409.33000000000004,0,0,0,0,0,408.94,100,408.93,100,408.9,100,409.28,500,409.72,50,409.8,100,2022,8,1,13,30,3,226401
1701-08-23,409.11,0,0,0,0,0,408.94,100,408.93,100,408.9,100,409.27,500,409.28,500,409.72,50,2022,8,1,13,30,3,226437
1701-08-24,409.105,0,0,0,0,0,408.94,100,408.93,100,408.9,100,409.27,700,409.28,500,409.72,50,2022,8,1,13,30,3,227535
1701-08-25,409.105,0,0,0,0,0,408.94,100,408.93,100,408.9,100,409.27,776,409.28,500,409.72,50,2022,8,1,13,30,3,232627
1701-08-26,409.105,0,0,0,0,0,408.94,100,408.93,100,408.9,100,409.27,776,409.72,50,409.8,100,2022,8,1,13,30,3,234233
1701-08-27,409.105,0,0,0,0,0,408.94,100,408.93,100,408.9,100,409.27,576,409.72,50,409.8,100,2022,8,1,13,30,3,234510
1701-08-28,409.105,0,0,0,0,0,408.94,100,408.93,100,408.9,100,409.26,200,409.27,576,409.72,50,2022,8,1,13,30,3,234574
1701-08-29,409.1,0,0,0,0,0,408.94,100,408.93,100,408.9,100,409.27,576,409.72,50,409.8,100,2022,8,1,13,30,3,234672
1701-08-30,409.105,0,0,0,0,0,408.94,100,408.93,100,408.9,100,409.28,576,409.72,50,409.8,100,2022,8,1,13,30,3,240495
1701-08-31,409.11,0,0,0,0,0,408.94,100,408.93,100,408.9,100,409.28,76,409.72,50,409.8,100,2022,8,1,13,30,3,240758
1701-09-01,409.11,0,0,0,0,0,408.94,100,408.93,100,408.9,100,409.72,50,409.8,100,409.83,100,2022,8,1,13,30,3,242745
1701-09-02,409.33000000000004,0,0,0,0,0,408.94,100,408.93,100,408.9,100,409.27,200,409.72,50,409.8,100,2022,8,1,13,30,3,252303
1701-09-03,409.105,0,0,0,0,0,408.94,100,408.93,100,408.9,100,409.27,300,409.72,50,409.8,100,2022,8,1,13,30,3,258255
1701-09-04,409.105,0,0,0,0,0,408.94,100,408.93,100,408.9,100,409.27,200,409.72,50,409.8,100,2022,8,1,13,30,3,270694
1701-09-05,409.105,0,0,0,0,0,408.94,100,408.93,100,408.9,100,409.72,50,409.8,100,409.83,100,2022,8,1,13,30,3,290607
1701-09-06,409.33000000000004,0,0,0,0,0,408.94,100,408.93,100,408.9,100,409.27,200,409.72,50,409.8,100,2022,8,1,13,30,3,291814
1701-09-07,409.105,0,0,0,0,0,408.94,100,408.93,100,408.9,100,409.72,50,409.8,100,409.83,100,2022,8,1,13,30,3,298278
1701-09-08,409.33000000000004,0,0,0,0,0,409.22,500,408.94,100,408.93,100,409.72,50,409.8,100,409.83,100,2022,8,1,13,30,3,305740
1701-09-09,409.47,0,0,0,0,0,408.94,100,408.93,100,408.9,100,409.72,50,409.8,100,409.83,100,2022,8,1,13,30,3,305775
1701-09-10,409.33000000000004,0,0,0,0,0,408.93,100,408.9,100,408.87,100,409.72,50,409.8,100,409.83,100,2022,8,1,13,30,3,308638
1701-09-11,409.32500000000005,0,0,0,0,0,408.95,100,408.93,100,408.9,100,409.72,50,409.8,100,409.83,100,2022,8,1,13,30,3,308709
1701-09-12,409.33500000000004,0,0,0,0,0,409.25,100,408.95,100,408.93,100,409.72,50,409.8,100,409.83,100,2022,8,1,13,30,3,325135
1701-09-13,409.485,0,0,0,0,0,409.25,1,408.95,100,408.93,100,409.72,50,409.8,100,409.83,100,2022,8,1,13,30,3,328002
1701-09-14,409.485,0,0,0,0,0,408.95,100,408.93,100,408.9,100,409.72,50,409.8,100,409.83,100,2022,8,1,13,30,3,328524
1701-09-15,409.33500000000004,0,0,0,0,0,408.95,100,408.93,100,408.9,100,409.29,100,409.72,50,409.8,100,2022,8,1,13,30,3,377812
1701-09-16,409.12,0,0,0,0,0,408.95,100,408.93,100,408.9,100,409.72,50,409.8,100,409.83,100,2022,8,1,13,30,3,378956
1701-09-17,409.33500000000004,0,0,0,0,0,409.24,200,408.95,100,408.93,100,409.72,50,409.8,100,409.83,100,2022,8,1,13,30,3,403734
1701-09-18,409.48,0,0,0,0,0,409.24,200,408.93,100,408.9,100,409.72,50,409.8,100,409.83,100,2022,8,1,13,30,3,409733
1701-09-19,409.48,0,0,0,0,0,408.93,100,408.9,100,408.87,100,409.72,50,409.8,100,409.83,100,2022,8,1,13,30,3,419497
1701-09-20,409.32500000000005,0,0,0,0,0,409.25,200,408.93,100,408.9,100,409.72,50,409.8,100,409.83,100,2022,8,1,13,30,3,419534
1701-09-21,409.485,0,0,0,0,0,408.93,100,408.9,100,408.87,100,409.72,50,409.8,100,409.83,100,2022,8,1,13,30,3,419582
1701-09-22,409.32500000000005,0,0,0,0,0,408.94,100,408.93,100,408.9,100,409.72,50,409.8,100,409.83,100,2022,8,1,13,30,3,420822
1701-09-23,409.33000000000004,0,0,0,0,0,408.94,100,408.93,100,408.9,100,409.31,200,409.72,50,409.8,100,2022,8,1,13,30,3,442401
1701-09-24,409.125,0,0,0,0,0,408.94,100,408.93,100,408.9,100,409.72,50,409.8,100,409.83,100,2022,8,1,13,30,3,459256
1701-09-25,409.33000000000004,0,0,0,0,0,408.94,100,408.93,100,408.9,100,409.3,200,409.72,50,409.8,100,2022,8,1,13,30,3,465167
1701-09-26,409.12,0,0,0,0,0,408.94,100,408.93,100,408.9,100,409.72,50,409.8,100,409.83,100,2022,8,1,13,30,3,465371
1701-09-27,409.33000000000004,0,0,0,0,0,408.94,100,408.93,100,408.9,100,409.3,200,409.72,50,409.8,100,2022,8,1,13,30,3,480148
1701-09-28,409.12,0,0,0,0,0,408.94,100,408.93,100,408.9,100,409.72,50,409.8,100,409.83,100,2022,8,1,13,30,3,483110
1701-09-29,409.33000000000004,0,0,0,0,0,408.94,100,408.93,100,408.9,100,409.29,500,409.72,50,409.8,100,2022,8,1,13,30,3,494788
1701-09-30,409.115,0,0,0,0,0,408.94,100,408.93,100,408.9,100,409.72,50,409.8,100,409.83,100,2022,8,1,13,30,3,554894
1701-10-01,409.33000000000004,0,0,0,0,0,408.94,100,408.93,100,408.9,100,409.29,200,409.72,50,409.8,100,2022,8,1,13,30,3,600590
1701-10-02,409.115,0,0,0,0,0,408.94,100,408.93,100,408.9,100,409.72,50,409.8,100,409.83,100,2022,8,1,13,30,3,604524
1701-10-03,409.33000000000004,0,0,0,0,0,408.94,100,408.93,100,408.9,100,409.29,100,409.72,50,409.8,100,2022,8,1,13,30,3,659952
1701-10-04,409.115,0,0,0,0,0,408.94,100,408.93,100,408.9,100,409.29,300,409.72,50,409.8,100,2022,8,1,13,30,3,684122
1701-10-05,409.115,0,0,0,0,0,408.94,100,408.93,100,408.9,100,409.29,200,409.72,50,409.8,100,2022,8,1,13,30,3,684780
1701-10-06,409.115,0,0,0,0,0,408.94,100,408.93,100,408.9,100,409.72,50,409.8,100,409.83,100,2022,8,1,13,30,3,684890
1701-10-07,409.33000000000004,0,0,0,0,0,408.94,100,408.93,100,408.9,100,409.27,500,409.72,50,409.8,100,2022,8,1,13,30,3,704427
1701-10-08,409.105,0,0,0,0,0,408.94,100,408.93,100,408.9,100,409.27,500,409.28,200,409.72,50,2022,8,1,13,30,3,704431
1701-10-09,409.105,0,0,0,0,0,408.94,100,408.93,100,408.9,100,409.27,500,409.72,50,409.8,100,2022,8,1,13,30,3,704435
1701-10-10,409.105,0,0,0,0,0,408.94,100,408.93,100,408.9,100,409.72,50,409.8,100,409.83,100,2022,8,1,13,30,3,704851
1701-10-11,409.33000000000004,0,0,0,0,0,408.94,100,408.93,100,408.9,100,409.28,200,409.72,50,409.8,100,2022,8,1,13,30,3,716642
1701-10-12,409.11,0,0,0,0,0,408.94,100,408.93,100,408.9,100,409.29,200,409.72,50,409.8,100,2022,8,1,13,30,3,726469
1701-10-13,409.115,0,0,0,0,0,409.22,500,408.94,100,408.93,100,409.29,200,409.72,50,409.8,100,2022,8,1,13,30,3,726630
1701-10-14,409.255,0,0,0,0,0,408.94,100,408.93,100,408.9,100,409.29,200,409.72,50,409.8,100,2022,8,1,13,30,3,726799
1701-10-15,409.115,0,0,0,0,0,408.94,100,408.93,100,408.9,100,409.72,50,409.8,100,409.83,100,2022,8,1,13,30,3,727154
1701-10-16,409.33000000000004,0,0,0,0,0,408.93,100,408.9,100,408.87,100,409.72,50,409.8,100,409.83,100,2022,8,1,13,30,3,727618
1701-10-17,409.32500000000005,0,0,0,0,0,408.95,100,408.93,100,408.9,100,409.72,50,409.8,100,409.83,100,2022,8,1,13,30,3,727792
1701-10-18,409.33500000000004,0,0,0,0,0,408.95,100,408.93,100,408.9,100,409.29,100,409.72,50,409.8,100,2022,8,1,13,30,3,786761
1701-10-19,409.12,0,0,0,0,0,408.95,100,408.93,100,408.9,100,409.72,50,409.8,100,409.83,100,2022,8,1,13,30,3,787662
1701-10-20,409.33500000000004,0,0,0,0,0,409.24,200,408.95,100,408.93,100,409.72,50,409.8,100,409.83,100,2022,8,1,13,30,3,828464
1701-10-21,409.48,0,0,0,0,0,409.24,200,408.93,100,408.9,100,409.72,50,409.8,100,409.83,100,2022,8,1,13,30,3,829527
1701-10-22,409.48,0,0,0,0,0,409.24,300,408.93,100,408.9,100,409.72,50,409.8,100,409.83,100,2022,8,1,13,30,3,842865
1701-10-23,409.48,0,0,0,0,0,409.24,500,408.93,100,408.9,100,409.72,50,409.8,100,409.83,100,2022,8,1,13,30,3,843193
1701-10-24,409.48,0,0,0,0,0,409.25,500,409.24,500,408.93,100,409.72,50,409.8,100,409.83,100,2022,8,1,13,30,3,848282
1701-10-25,409.485,0,0,0,0,0,409.25,500,409.24,300,408.93,100,409.72,50,409.8,100,409.83,100,2022,8,1,13,30,3,848335
1701-10-26,409.485,0,0,0,0,0,409.25,500,409.24,100,408.93,100,409.72,50,409.8,100,409.83,100,2022,8,1,13,30,3,848512
1701-10-27,409.485,0,0,0,0,0,409.25,700,409.24,100,408.93,100,409.72,50,409.8,100,409.83,100,2022,8,1,13,30,3,848512
1701-10-28,409.485,0,0,0,0,0,409.25,500,409.24,100,408.93,100,409.72,50,409.8,100,409.83,100,2022,8,1,13,30,3,848512
1701-10-29,409.485,0,0,0,0,0,409.26,200,409.25,500,409.24,100,409.72,50,409.8,100,409.83,100,2022,8,1,13,30,3,848953
1701-10-30,409.49,0,0,0,0,0,409.25,500,409.24,100,408.93,100,409.72,50,409.8,100,409.83,100,2022,8,1,13,30,3,848954
1701-10-31,409.485,0,0,0,0,0,409.26,200,409.25,500,409.24,100,409.72,50,409.8,100,409.83,100,2022,8,1,13,30,3,856019
1701-11-01,409.49,0,0,0,0,0,409.26,200,409.25,500,408.93,100,409.72,50,409.8,100,409.83,100,2022,8,1,13,30,3,856619
1701-11-02,409.49,0,0,0,0,0,409.25,500,408.93,100,408.9,100,409.72,50,409.8,100,409.83,100,2022,8,1,13,30,3,857841
1701-11-03,409.485,0,0,0,0,0,409.26,200,409.25,500,408.93,100,409.72,50,409.8,100,409.83,100,2022,8,1,13,30,3,879079
1701-11-04,409.49,0,0,0,0,0,409.26,200,408.93,100,408.9,100,409.72,50,409.8,100,409.83,100,2022,8,1,13,30,3,879855
1701-11-05,409.49,0,0,0,0,0,409.26,300,408.93,100,408.9,100,409.72,50,409.8,100,409.83,100,2022,8,1,13,30,3,879961
1701-11-06,409.49,0,0,0,0,0,409.26,300,408.93,100,408.9,100,409.29,100,409.72,50,409.8,100,2022,8,1,13,30,3,900614
1701-11-07,409.275,0,0,0,0,0,409.26,200,408.93,100,408.9,100,409.29,100,409.72,50,409.8,100,2022,8,1,13,30,3,901396
1701-11-08,409.275,0,0,0,0,0,408.93,100,408.9,100,408.87,100,409.29,100,409.72,50,409.8,100,2022,8,1,13,30,3,922204
1701-11-09,409.11,0,0,0,0,0,408.93,100,408.9,100,408.87,100,409.29,200,409.72,50,409.8,100,2022,8,1,13,30,3,922788
1701-11-10,409.11,0,0,0,0,0,408.93,100,408.9,100,408.87,100,409.29,100,409.72,50,409.8,100,2022,8,1,13,30,3,922790
1701-11-11,409.11,0,0,0,0,0,409.25,500,408.93,100,408.9,100,409.29,100,409.72,50,409.8,100,2022,8,1,13,30,3,922953
1701-11-12,409.27,0,0,0,0,0,409.25,500,408.94,100,408.93,100,409.29,100,409.72,50,409.8,100,2022,8,1,13,30,3,923205
1701-11-13,409.27,0,0,0,0,0,408.94,100,408.93,100,408.9,100,409.29,100,409.72,50,409.8,100,2022,8,1,13,30,3,923206
1701-11-14,409.115,0,0,0,0,0,409.25,200,408.94,100,408.93,100,409.29,100,409.72,50,409.8,100,2022,8,1,13,30,3,955813
1701-11-15,409.27,0,0,0,0,0,409.25,200,409.23,500,408.94,100,409.29,100,409.72,50,409.8,100,2022,8,1,13,30,4,881
1701-11-16,409.27,0,0,0,0,0,409.25,200,409.23,1000,408.94,100,409.29,100,409.72,50,409.8,100,2022,8,1,13,30,4,882
1701-11-17,409.27,0,0,0,0,0,409.23,1000,408.94,100,408.93,100,409.29,100,409.72,50,409.8,100,2022,8,1,13,30,4,7705
1701-11-18,409.26,0,0,0,0,0,409.23,500,408.94,100,408.93,100,409.29,100,409.72,50,409.8,100,2022,8,1,13,30,4,22630
1701-11-19,409.26,0,0,0,0,0,408.94,100,408.93,100,408.9,100,409.29,100,409.72,50,409.8,100,2022,8,1,13,30,4,22785
1701-11-20,409.115,0,0,0,0,0,408.93,100,408.9,100,408.87,100,409.29,100,409.72,50,409.8,100,2022,8,1,13,30,4,23763
1701-11-21,409.11,0,0,0,0,0,408.95,100,408.93,100,408.9,100,409.29,100,409.72,50,409.8,100,2022,8,1,13,30,4,23767
1701-11-22,409.12,0,0,0,0,0,409.24,100,408.95,100,408.93,100,409.29,100,409.72,50,409.8,100,2022,8,1,13,30,4,84814
1701-11-23,409.265,0,0,0,0,0,409.24,100,409.23,500,408.95,100,409.29,100,409.72,50,409.8,100,2022,8,1,13,30,4,85200
1701-11-24,409.265,0,0,0,0,0,409.24,100,409.23,1000,408.95,100,409.29,100,409.72,50,409.8,100,2022,8,1,13,30,4,89505
1701-11-25,409.265,0,0,0,0,0,409.24,100,409.23,500,408.95,100,409.29,100,409.72,50,409.8,100,2022,8,1,13,30,4,91514
1701-11-26,409.265,0,0,0,0,0,409.24,100,408.95,100,408.93,100,409.29,100,409.72,50,409.8,100,2022,8,1,13,30,4,91514
1701-11-27,409.265,0,0,0,0,0,409.24,600,408.95,100,408.93,100,409.29,100,409.72,50,409.8,100,2022,8,1,13,30,4,97964
1701-11-28,409.265,0,0,0,0,0,409.24,800,408.95,100,408.93,100,409.29,100,409.72,50,409.8,100,2022,8,1,13,30,4,98046
1701-11-29,409.265,0,0,0,0,0,409.24,700,408.95,100,408.93,100,409.29,100,409.72,50,409.8,100,2022,8,1,13,30,4,117223
1701-11-30,409.265,0,0,0,0,0,409.24,500,408.95,100,408.93,100,409.29,100,409.72,50,409.8,100,2022,8,1,13,30,4,117600
1701-12-01,409.265,0,0,0,0,0,409.24,500,408.93,100,408.9,100,409.29,100,409.72,50,409.8,100,2022,8,1,13,30,4,127565
1701-12-02,409.265,0,0,0,0,0,408.93,100,408.9,100,408.87,100,409.29,100,409.72,50,409.8,100,2022,8,1,13,30,4,127613
1701-12-03,409.11,0,0,0,0,0,408.94,100,408.93,100,408.9,100,409.29,100,409.72,50,409.8,100,2022,8,1,13,30,4,128624
1701-12-04,409.115,0,0,0,0,0,409.24,200,408.94,100,408.93,100,409.29,100,409.72,50,409.8,100,2022,8,1,13,30,4,145987
1701-12-05,409.265,0,0,0,0,0,408.94,100,408.93,100,408.9,100,409.29,100,409.72,50,409.8,100,2022,8,1,13,30,4,148389
1701-12-06,409.115,0,0,0,0,0,408.94,100,408.93,100,408.9,100,409.28,100,409.29,100,409.72,50,2022,8,1,13,30,4,152791
1701-12-07,409.11,0,0,0,0,0,408.94,100,408.93,100,408.9,100,409.29,100,409.72,50,409.8,100,2022,8,1,13,30,4,153316
1701-12-08,409.115,0,0,0,0,0,409.24,200,408.94,100,408.93,100,409.29,100,409.72,50,409.8,100,2022,8,1,13,30,4,211191
1701-12-09,409.265,0,0,0,0,0,409.24,200,408.93,100,408.9,100,409.29,100,409.72,50,409.8,100,2022,8,1,13,30,4,233670
1701-12-10,409.265,0,0,0,0,0,408.93,100,408.9,100,408.87,100,409.29,100,409.72,50,409.8,100,2022,8,1,13,30,4,273522
1701-12-11,409.11,0,0,0,0,0,408.94,100,408.93,100,408.9,100,409.29,100,409.72,50,409.8,100,2022,8,1,13,30,4,274530
1701-12-12,409.115,0,0,0,0,0,408.94,100,408.93,100,408.9,100,409.28,500,409.29,100,409.72,50,2022,8,1,13,30,4,275345
1701-12-13,409.11,0,0,0,0,0,408.94,100,408.93,100,408.9,100,409.28,1000,409.29,100,409.72,50,2022,8,1,13,30,4,275345
1701-12-14,409.11,0,0,0,0,0,408.94,100,408.93,100,408.9,100,409.28,500,409.29,100,409.72,50,2022,8,1,13,30,4,275351
1701-12-15,409.11,0,0,0,0,0,408.94,100,408.93,100,408.9,100,409.29,100,409.72,50,409.8,100,2022,8,1,13,30,4,275352
1701-12-16,409.115,0,0,0,0,0,408.94,100,408.93,100,408.9,100,409.27,200,409.29,100,409.72,50,2022,8,1,13,30,4,276633
1701-12-17,409.105,0,0,0,0,0,408.94,100,408.93,100,408.9,100,409.29,100,409.72,50,409.8,100,2022,8,1,13,30,4,276986
1701-12-18,409.115,0,0,0,0,0,408.94,100,408.93,100,408.9,100,409.27,500,409.29,100,409.72,50,2022,8,1,13,30,4,284055
1701-12-19,409.105,0,0,0,0,0,408.94,100,408.93,100,408.9,100,409.29,100,409.72,50,409.8,100,2022,8,1,13,30,4,289402
1701-12-20,409.115,0,0,0,0,0,409.22,500,408.94,100,408.93,100,409.29,100,409.72,50,409.8,100,2022,8,1,13,30,4,289427
1701-12-21,409.255,0,0,0,0,0,409.22,1000,408.94,100,408.93,100,409.29,100,409.72,50,409.8,100,2022,8,1,13,30,4,289431
1701-12-22,409.255,0,0,0,0,0,409.22,1500,408.94,100,408.93,100,409.29,100,409.72,50,409.8,100,2022,8,1,13,30,4,289432
1701-12-23,409.255,0,0,0,0,0,409.22,1000,408.94,100,408.93,100,409.29,100,409.72,50,409.8,100,2022,8,1,13,30,4,289435
1701-12-24,409.255,0,0,0,0,0,409.22,500,408.94,100,408.93,100,409.29,100,409.72,50,409.8,100,2022,8,1,13,30,4,289436
1701-12-25,409.255,0,0,0,0,0,408.94,100,408.93,100,408.9,100,409.29,100,409.72,50,409.8,100,2022,8,1,13,30,4,289436
1701-12-26,409.115,0,0,0,0,0,409.22,500,408.94,100,408.93,100,409.29,100,409.72,50,409.8,100,2022,8,1,13,30,4,289824
1701-12-27,409.255,0,0,0,0,0,409.22,1000,408.94,100,408.93,100,409.29,100,409.72,50,409.8,100,2022,8,1,13,30,4,289825
1701-12-28,409.255,0,0,0,0,0,409.22,500,408.94,100,408.93,100,409.29,100,409.72,50,409.8,100,2022,8,1,13,30,4,290993
1701-12-29,409.255,0,0,0,0,0,409.22,500,408.94,100,408.93,100,409.28,500,409.29,100,409.72,50,2022,8,1,13,30,4,291616
1701-12-30,409.25,0,0,0,0,0,409.22,500,408.94,100,408.93,100,409.29,100,409.72,50,409.8,100,2022,8,1,13,30,4,292090
1701-12-31,409.255,0,0,0,0,0,409.22,1000,408.94,100,408.93,100,409.29,100,409.72,50,409.8,100,2022,8,1,13,30,4,292228
1702-01-01,409.255,0,0,0,0,0,409.22,1500,408.94,100,408.93,100,409.29,100,409.72,50,409.8,100,2022,8,1,13,30,4,292229
1702-01-02,409.255,0,0,0,0,0,409.23,500,409.22,1500,408.94,100,409.29,100,409.72,50,409.8,100,2022,8,1,13,30,4,292482
1702-01-03,409.26,0,0,0,0,0,409.22,1500,408.94,100,408.93,100,409.29,100,409.72,50,409.8,100,2022,8,1,13,30,4,298364
1702-01-04,409.255,0,0,0,0,0,409.22,1000,408.94,100,408.93,100,409.29,100,409.72,50,409.8,100,2022,8,1,13,30,4,298369
1702-01-05,409.255,0,0,0,0,0,409.22,1000,408.94,100,408.93,100,409.29,100,409.72,50,409.77,100,2022,8,1,13,30,4,299674
1702-01-06,409.255,0,0,0,0,0,409.22,1500,408.94,100,408.93,100,409.29,100,409.72,50,409.77,100,2022,8,1,13,30,4,301408
1702-01-07,409.255,0,0,0,0,0,409.23,500,409.22,1500,408.94,100,409.29,100,409.72,50,409.77,100,2022,8,1,13,30,4,301607
1702-01-08,409.26,0,0,0,0,0,409.22,1500,408.94,100,408.93,100,409.29,100,409.72,50,409.77,100,2022,8,1,13,30,4,331901
1702-01-09,409.255,0,0,0,0,0,409.22,1000,408.94,100,408.93,100,409.29,100,409.72,50,409.77,100,2022,8,1,13,30,4,331902
1702-01-10,409.255,0,0,0,0,0,409.22,1000,408.94,100,408.9,100,409.29,100,409.72,50,409.77,100,2022,8,1,13,30,4,334522
1702-01-11,409.255,0,0,0,0,0,409.22,1500,408.94,100,408.9,100,409.29,100,409.72,50,409.77,100,2022,8,1,13,30,4,335450
1702-01-12,409.255,0,0,0,0,0,409.22,1500,408.94,100,408.9,100,409.29,100,409.72,50,409.77,100,2022,8,1,13,30,4,335916
1702-01-13,409.255,0,0,0,0,0,409.24,200,409.22,1500,408.94,100,409.29,100,409.72,50,409.77,100,2022,8,1,13,30,4,336521
1702-01-14,409.265,0,0,0,0,0,409.24,200,409.22,1000,408.94,100,409.29,100,409.72,50,409.77,100,2022,8,1,13,30,4,349818
1702-01-15,409.265,0,0,0,0,0,409.24,200,409.22,1000,408.94,100,409.28,500,409.29,100,409.72,50,2022,8,1,13,30,4,349819
1702-01-16,409.26,0,0,0,0,0,409.24,200,409.22,1000,408.94,100,409.28,1000,409.29,100,409.72,50,2022,8,1,13,30,4,349820
1702-01-17,409.26,0,0,0,0,0,409.24,200,409.22,1000,408.94,100,409.28,500,409.29,100,409.72,50,2022,8,1,13,30,4,350155
1702-01-18,409.26,0,0,0,0,0,409.24,200,409.22,1000,408.94,100,409.29,100,409.72,50,409.77,100,2022,8,1,13,30,4,350157
1702-01-19,409.265,0,0,0,0,0,409.24,200,409.22,500,408.94,100,409.29,100,409.72,50,409.77,100,2022,8,1,13,30,4,353538
1702-01-20,409.265,0,0,0,0,0,409.24,200,408.94,100,408.9,100,409.29,100,409.72,50,409.77,100,2022,8,1,13,30,4,355407
1702-01-21,409.265,0,0,0,0,0,409.24,200,408.9,100,408.87,100,409.29,100,409.72,50,409.77,100,2022,8,1,13,30,4,387689
1702-01-22,409.265,0,0,0,0,0,409.24,200,408.9,100,408.87,100,409.27,100,409.29,100,409.72,50,2022,8,1,13,30,4,401017
1702-01-23,409.255,0,0,0,0,0,409.24,200,408.9,100,408.87,100,409.28,100,409.29,100,409.72,50,2022,8,1,13,30,4,406459
1702-01-24,409.26,0,0,0,0,0,409.24,200,408.9,100,408.87,100,409.29,100,409.72,50,409.77,100,2022,8,1,13,30,4,406809
1702-01-25,409.265,0,0,0,0,0,408.9,100,408.87,100,408.84,100,409.29,100,409.72,50,409.77,100,2022,8,1,13,30,4,406910
1702-01-26,409.095,0,0,0,0,0,408.91,100,408.9,100,408.87,100,409.29,100,409.72,50,409.77,100,2022,8,1,13,30,4,407949
1702-01-27,409.1,0,0,0,0,0,408.91,100,408.9,100,408.87,100,409.27,200,409.29,100,409.72,50,2022,8,1,13,30,4,419802
1702-01-28,409.09000000000003,0,0,0,0,0,408.91,100,408.9,100,408.87,100,409.27,700,409.29,100,409.72,50,2022,8,1,13,30,4,431301
1702-01-29,409.09000000000003,0,0,0,0,0,408.91,100,408.9,100,408.87,100,409.27,500,409.29,100,409.72,50,2022,8,1,13,30,4,440429
1702-01-30,409.09000000000003,0,0,0,0,0,408.91,100,408.9,100,408.87,100,409.27,1000,409.29,100,409.72,50,2022,8,1,13,30,4,441534
1702-01-31,409.09000000000003,0,0,0,0,0,408.91,100,408.9,100,408.87,100,409.27,500,409.29,100,409.72,50,2022,8,1,13,30,4,450158
1702-02-01,409.09000000000003,0,0,0,0,0,408.91,100,408.9,100,408.87,100,409.29,100,409.72,50,409.77,100,2022,8,1,13,30,4,450181
1702-02-02,409.1,0,0,0,0,0,408.91,100,408.9,100,408.87,100,409.27,200,409.29,100,409.72,50,2022,8,1,13,30,4,453641
1702-02-03,409.09000000000003,0,0,0,0,0,408.91,100,408.9,100,408.87,100,409.29,100,409.72,50,409.77,100,2022,8,1,13,30,4,455168
1702-02-04,409.1,0,0,0,0,0,408.91,100,408.9,100,408.87,100,409.27,200,409.29,100,409.72,50,2022,8,1,13,30,4,458676
1702-02-05,409.09000000000003,0,0,0,0,0,408.91,100,408.9,100,408.87,100,409.29,100,409.72,50,409.77,100,2022,8,1,13,30,4,460545
1702-02-06,409.1,0,0,0,0,0,409.24,200,408.91,100,408.9,100,409.29,100,409.72,50,409.77,100,2022,8,1,13,30,4,463220
1702-02-07,409.265,0,0,0,0,0,409.24,111,408.91,100,408.9,100,409.29,100,409.72,50,409.77,100,2022,8,1,13,30,4,513629
1702-02-08,409.265,0,0,0,0,0,408.91,100,408.9,100,408.87,100,409.29,100,409.72,50,409.77,100,2022,8,1,13,30,4,514265
1702-02-09,409.1,0,0,0,0,0,408.9,100,408.87,100,408.84,100,409.29,100,409.72,50,409.77,100,2022,8,1,13,30,4,514297
1702-02-10,409.095,0,0,0,0,0,408.92,100,408.9,100,408.87,100,409.29,100,409.72,50,409.77,100,2022,8,1,13,30,4,515250
1702-02-11,409.105,0,0,0,0,0,408.92,100,408.9,100,408.87,100,409.27,500,409.29,100,409.72,50,2022,8,1,13,30,4,516513
1702-02-12,409.095,0,0,0,0,0,408.92,100,408.9,100,408.87,100,409.27,1000,409.29,100,409.72,50,2022,8,1,13,30,4,516527
1702-02-13,409.095,0,0,0,0,0,408.92,100,408.9,100,408.87,100,409.27,500,409.29,100,409.72,50,2022,8,1,13,30,4,516548
1702-02-14,409.095,0,0,0,0,0,408.92,100,408.9,100,408.87,100,409.29,100,409.72,50,409.77,100,2022,8,1,13,30,4,516572
1702-02-15,409.105,0,0,0,0,0,408.92,100,408.9,100,408.87,100,409.27,100,409.29,100,409.72,50,2022,8,1,13,30,4,528152
1702-02-16,409.095,0,0,0,0,0,408.92,100,408.9,100,408.87,100,409.29,100,409.72,50,409.77,100,2022,8,1,13,30,4,528200
1702-02-17,409.105,0,0,0,0,0,408.92,100,408.9,100,408.87,100,409.26,500,409.29,100,409.72,50,2022,8,1,13,30,4,528487
1702-02-18,409.09000000000003,0,0,0,0,0,408.92,100,408.9,100,408.87,100,409.26,1000,409.29,100,409.72,50,2022,8,1,13,30,4,528515
1702-02-19,409.09000000000003,0,0,0,0,0,408.92,100,408.9,100,408.87,100,409.26,1500,409.29,100,409.72,50,2022,8,1,13,30,4,528600
1702-02-20,409.09000000000003,0,0,0,0,0,408.92,100,408.9,100,408.87,100,409.26,1700,409.29,100,409.72,50,2022,8,1,13,30,4,528709
1702-02-21,409.09000000000003,0,0,0,0,0,408.92,100,408.9,100,408.87,100,409.26,1500,409.29,100,409.72,50,2022,8,1,13,30,4,528867
1702-02-22,409.09000000000003,0,0,0,0,0,408.92,100,408.9,100,408.87,100,409.25,200,409.26,1500,409.29,100,2022,8,1,13,30,4,528867
1702-02-23,409.08500000000004,0,0,0,0,0,408.92,100,408.9,100,408.87,100,409.26,1500,409.29,100,409.72,50,2022,8,1,13,30,4,528920
1702-02-24,409.09000000000003,0,0,0,0,0,408.92,100,408.9,100,408.87,100,409.26,1000,409.29,100,409.72,50,2022,8,1,13,30,4,529413
1702-02-25,409.09000000000003,0,0,0,0,0,408.92,100,408.9,100,408.87,100,409.26,500,409.29,100,409.72,50,2022,8,1,13,30,4,529422
1702-02-26,409.09000000000003,0,0,0,0,0,408.92,100,408.9,100,408.87,100,409.25,500,409.26,500,409.29,100,2022,8,1,13,30,4,533939
1702-02-27,409.08500000000004,0,0,0,0,0,408.92,100,408.9,100,408.87,100,409.26,500,409.29,100,409.72,50,2022,8,1,13,30,4,534167
1702-02-28,409.09000000000003,0,0,0,0,0,408.92,100,408.9,100,408.87,100,409.29,100,409.72,50,409.77,100,2022,8,1,13,30,4,534557
1702-03-01,409.105,0,0,0,0,0,408.92,100,408.9,100,408.87,100,409.26,200,409.29,100,409.72,50,2022,8,1,13,30,4,537591
1702-03-02,409.09000000000003,0,0,0,0,0,408.92,100,408.9,100,408.87,100,409.29,100,409.72,50,409.77,100,2022,8,1,13,30,4,538116
1702-03-03,409.105,0,0,0,0,0,408.92,100,408.9,100,408.87,100,409.25,200,409.29,100,409.72,50,2022,8,1,13,30,4,543198
1702-03-04,409.08500000000004,0,0,0,0,0,408.92,100,408.9,100,408.87,100,409.29,100,409.72,50,409.77,100,2022,8,1,13,30,4,546310
1702-03-05,409.105,0,0,0,0,0,409.21,500,408.92,100,408.9,100,409.29,100,409.72,50,409.77,100,2022,8,1,13,30,4,572231
1702-03-06,409.25,0,0,0,0,0,409.22,500,409.21,500,408.92,100,409.29,100,409.72,50,409.77,100,2022,8,1,13,30,4,575601
1702-03-07,409.255,0,0,0,0,0,409.21,500,408.92,100,408.9,100,409.29,100,409.72,50,409.77,100,2022,8,1,13,30,4,576252
1702-03-08,409.25,0,0,0,0,0,408.92,100,408.9,100,408.87,100,409.29,100,409.72,50,409.77,100,2022,8,1,13,30,4,576254
1702-03-09,409.105,0,0,0,0,0,409.22,500,408.92,100,408.9,100,409.29,100,409.72,50,409.77,100,2022,8,1,13,30,4,750978
1702-03-10,409.255,0,0,0,0,0,408.92,100,408.9,100,408.87,100,409.29,100,409.72,50,409.77,100,2022,8,1,13,30,4,750981
1702-03-11,409.105,0,0,0,0,0,408.9,100,408.87,100,408.84,100,409.29,100,409.72,50,409.77,100,2022,8,1,13,30,4,751536
1702-03-12,409.095,0,0,0,0,0,408.93,100,408.9,100,408.87,100,409.29,100,409.72,50,409.77,100,2022,8,1,13,30,4,751536
1702-03-13,409.11,0,0,0,0,0,408.93,100,408.9,100,408.87,100,409.28,100,409.29,100,409.72,50,2022,8,1,13,30,4,776583
1702-03-14,409.105,0,0,0,0,0,408.93,100,408.9,100,408.87,100,409.29,100,409.72,50,409.77,100,2022,8,1,13,30,4,780164
1702-03-15,409.11,0,0,0,0,0,408.93,100,408.9,100,408.87,100,409.28,500,409.29,100,409.72,50,2022,8,1,13,30,4,780165
1702-03-16,409.105,0,0,0,0,0,408.93,100,408.9,100,408.87,100,409.29,100,409.72,50,409.77,100,2022,8,1,13,30,4,780167
1702-03-17,409.11,0,0,0,0,0,408.93,100,408.9,100,408.87,100,409.27,200,409.29,100,409.72,50,2022,8,1,13,30,4,780420
1702-03-18,409.1,0,0,0,0,0,408.93,100,408.9,100,408.87,100,409.29,100,409.72,50,409.77,100,2022,8,1,13,30,4,780676
1702-03-19,409.11,0,0,0,0,0,409.22,500,408.93,100,408.9,100,409.29,100,409.72,50,409.77,100,2022,8,1,13,30,4,807024
1702-03-20,409.255,0,0,0,0,0,408.93,100,408.9,100,408.87,100,409.29,100,409.72,50,409.77,100,2022,8,1,13,30,4,808992
1702-03-21,409.11,0,0,0,0,0,409.23,200,408.93,100,408.9,100,409.29,100,409.72,50,409.77,100,2022,8,1,13,30,4,808998
1702-03-22,409.26,0,0,0,0,0,408.93,100,408.9,100,408.87,100,409.29,100,409.72,50,409.77,100,2022,8,1,13,30,4,809004
1702-03-23,409.11,0,0,0,0,0,408.93,100,408.9,100,408.87,100,409.29,300,409.72,50,409.77,100,2022,8,1,13,30,4,974735
1702-03-24,409.11,0,0,0,0,0,408.93,100,408.9,100,408.87,100,409.29,301,409.72,50,409.77,100,2022,8,1,13,30,4,983801
1702-03-25,409.11,0,0,0,0,0,408.93,100,408.9,100,408.87,100,409.29,101,409.72,50,409.77,100,2022,8,1,13,30,4,989940
1702-03-26,409.11,0,0,0,0,0,408.93,100,408.9,100,408.87,100,409.29,100,409.72,50,409.77,100,2022,8,1,13,30,4,994586
1702-03-27,409.11,0,0,0,0,0,408.93,100,408.92,100,408.9,100,409.29,100,409.72,50,409.77,100,2022,8,1,13,30,5,8801
1702-03-28,409.11,0,0,0,0,0,408.93,100,408.92,100,408.91,100,409.29,100,409.72,50,409.77,100,2022,8,1,13,30,5,9908
1702-03-29,409.11,0,0,0,0,0,409.24,200,408.93,100,408.92,100,409.29,100,409.72,50,409.77,100,2022,8,1,13,30,5,14465
1702-03-30,409.265,0,0,0,0,0,409.24,700,408.93,100,408.92,100,409.29,100,409.72,50,409.77,100,2022,8,1,13,30,5,14466
1702-03-31,409.265,0,0,0,0,0,409.24,500,408.93,100,408.92,100,409.29,100,409.72,50,409.77,100,2022,8,1,13,30,5,14467
1702-04-01,409.265,0,0,0,0,0,408.93,100,408.92,100,408.91,100,409.29,100,409.72,50,409.77,100,2022,8,1,13,30,5,14468
1702-04-02,409.11,0,0,0,0,0,408.92,100,408.91,100,408.9,100,409.29,100,409.72,50,409.77,100,2022,8,1,13,30,5,15463
1702-04-03,409.105,0,0,0,0,0,408.94,100,408.92,100,408.91,100,409.29,100,409.72,50,409.77,100,2022,8,1,13,30,5,15464
1702-04-04,409.115,0,0,0,0,0,409.25,500,408.94,100,408.92,100,409.29,100,409.72,50,409.77,100,2022,8,1,13,30,5,24875
1702-04-05,409.27,0,0,0,0,0,409.25,1000,408.94,100,408.92,100,409.29,100,409.72,50,409.77,100,2022,8,1,13,30,5,24877
1702-04-06,409.27,0,0,0,0,0,409.25,1500,408.94,100,408.92,100,409.29,100,409.72,50,409.77,100,2022,8,1,13,30,5,24877
1702-04-07,409.27,0,0,0,0,0,409.25,1000,408.94,100,408.92,100,409.29,100,409.72,50,409.77,100,2022,8,1,13,30,5,25198
1702-04-08,409.27,0,0,0,0,0,409.25,500,408.94,100,408.92,100,409.29,100,409.72,50,409.77,100,2022,8,1,13,30,5,25381
1702-04-09,409.27,0,0,0,0,0,408.94,100,408.92,100,408.91,100,409.29,100,409.72,50,409.77,100,2022,8,1,13,30,5,25385
1702-04-10,409.115,0,0,0,0,0,409.26,200,408.94,100,408.92,100,409.29,100,409.72,50,409.77,100,2022,8,1,13,30,5,33679
1702-04-11,409.275,0,0,0,0,0,409.25,200,408.94,100,408.92,100,409.29,100,409.72,50,409.77,100,2022,8,1,13,30,5,33687
1702-04-12,409.27,0,0,0,0,0,408.94,100,408.92,100,408.91,100,409.29,100,409.72,50,409.77,100,2022,8,1,13,30,5,34193
1702-04-13,409.115,0,0,0,0,0,409.25,500,408.94,100,408.92,100,409.29,100,409.72,50,409.77,100,2022,8,1,13,30,5,37496
1702-04-14,409.27,0,0,0,0,0,409.25,500,409.24,500,408.94,100,409.29,100,409.72,50,409.77,100,2022,8,1,13,30,5,37497
1702-04-15,409.27,0,0,0,0,0,409.24,500,408.94,100,408.92,100,409.29,100,409.72,50,409.77,100,2022,8,1,13,30,5,37938
1702-04-16,409.265,0,0,0,0,0,409.25,500,409.24,500,408.94,100,409.29,100,409.72,50,409.77,100,2022,8,1,13,30,5,38283
1702-04-17,409.27,0,0,0,0,0,409.25,1000,409.24,500,408.94,100,409.29,100,409.72,50,409.77,100,2022,8,1,13,30,5,38324
1702-04-18,409.27,0,0,0,0,0,409.25,500,409.24,500,408.94,100,409.29,100,409.72,50,409.77,100,2022,8,1,13,30,5,40054
1702-04-19,409.27,0,0,0,0,0,409.24,500,408.94,100,408.92,100,409.29,100,409.72,50,409.77,100,2022,8,1,13,30,5,43279
1702-04-20,409.265,0,0,0,0,0,409.25,500,409.24,500,408.94,100,409.29,100,409.72,50,409.77,100,2022,8,1,13,30,5,43717
1702-04-21,409.27,0,0,0,0,0,409.25,1000,409.24,500,408.94,100,409.29,100,409.72,50,409.77,100,2022,8,1,13,30,5,43717
1702-04-22,409.27,0,0,0,0,0,409.25,1000,408.94,100,408.92,100,409.29,100,409.72,50,409.77,100,2022,8,1,13,30,5,44016
