COLLECTION_TIME,MESSAGE_ID,MESSAGE_TYPE,SYMBOL,BID_PRICE_1,BID_SIZE_1,BID_PRICE_2,BID_SIZE_2,BID_PRICE_3,BID_SIZE_3,ASK_PRICE_1,ASK_SIZE_1,ASK_PRICE_2,ASK_SIZE_2,ASK_PRICE_3,ASK_SIZE_3
2022-08-01 13:30:00.172841984,326282,BID_UPDATE,SPY,409.030000,100,408.990000,100,327.310000,100,409.170000,7,409.720000,50,409.920000,100
2022-08-01 13:30:00.173193984,326337,BID_UPDATE,SPY,409.030000,100,409.000000,100,408.990000,100,409.170000,7,409.720000,50,409.920000,100
2022-08-01 13:30:00.175386112,326589,ASK_UPDATE,SPY,409.030000,100,409.000000,100,408.990000,100,409.150000,500,409.170000,7,409.720000,50
2022-08-01 13:30:00.175386112,326613,ASK_UPDATE,SPY,409.030000,100,409.000000,100,408.990000,100,409.170000,7,409.720000,50,409.920000,100
2022-08-01 13:30:00.176423936,326726,ASK_UPDATE,SPY,409.030000,100,409.000000,100,408.990000,100,409.170000,7,409.720000,50,409.920000,100
2022-08-01 13:30:00.176423936,326738,BID_UPDATE,SPY,409.030000,100,409.000000,100,408.990000,100,409.170000,7,409.720000,50,409.920000,100
2022-08-01 13:30:00.176423936,326747,ASK_UPDATE,SPY,409.030000,100,409.000000,100,408.990000,100,409.170000,7,409.720000,50,409.920000,100
2022-08-01 13:30:00.182028032,327436,BID_UPDATE,SPY,409.030000,100,408.990000,100,408.960000,100,409.170000,7,409.720000,50,409.920000,100
2022-08-01 13:30:00.241268992,335968,BID_UPDATE,SPY,409.040000,100,409.030000,100,408.990000,100,409.170000,7,409.720000,50,409.920000,100
2022-08-01 13:30:00.260704000,338812,ASK_UPDATE,SPY,409.040000,100,409.030000,100,408.990000,100,409.170000,507,409.720000,50,409.920000,100
2022-08-01 13:30:00.260984064,338835,BID_UPDATE,SPY,409.030000,100,408.990000,100,408.960000,100,409.170000,507,409.720000,50,409.920000,100
2022-08-01 13:30:00.261694976,338912,ASK_UPDATE,SPY,409.030000,100,408.990000,100,408.960000,100,409.170000,7,409.720000,50,409.920000,100
2022-08-01 13:30:00.262073088,338950,BID_UPDATE,SPY,409.040000,100,409.030000,100,408.990000,100,409.170000,7,409.720000,50,409.920000,100
2022-08-01 13:30:00.290183936,341729,BID_UPDATE,SPY,409.150000,500,409.040000,100,409.030000,100,409.170000,7,409.720000,50,409.920000,100
2022-08-01 13:30:00.306284032,342439,BID_UPDATE,SPY,409.150000,700,409.040000,100,409.030000,100,409.170000,7,409.720000,50,409.920000,100
2022-08-01 13:30:00.307870976,342449,BID_UPDATE,SPY,409.150000,500,409.040000,100,409.030000,100,409.170000,7,409.720000,50,409.920000,100
2022-08-01 13:30:00.315075072,342589,ASK_UPDATE,SPY,409.150000,500,409.040000,100,409.030000,100,409.170000,3,409.720000,50,409.920000,100
2022-08-01 13:30:00.318132992,342605,ASK_UPDATE,SPY,409.150000,500,409.040000,100,409.030000,100,409.720000,50,409.920000,100,409.950000,100
2022-08-01 13:30:00.325039104,342678,BID_UPDATE,SPY,409.040000,100,409.030000,100,408.990000,100,409.720000,50,409.920000,100,409.950000,100
2022-08-01 13:30:00.329690880,342727,ASK_UPDATE,SPY,409.040000,100,409.030000,100,408.990000,100,409.240000,500,409.720000,50,409.920000,100
2022-08-01 13:30:00.332705024,342766,ASK_UPDATE,SPY,409.040000,100,409.030000,100,408.990000,100,409.720000,50,409.920000,100,409.950000,100
2022-08-01 13:30:00.332990976,342780,BID_UPDATE,SPY,409.150000,500,409.040000,100,409.030000,100,409.720000,50,409.920000,100,409.950000,100
2022-08-01 13:30:00.353743872,343100,ASK_UPDATE,SPY,409.150000,500,409.040000,100,409.030000,100,409.250000,500,409.720000,50,409.920000,100
2022-08-01 13:30:00.354373120,343118,ASK_UPDATE,SPY,409.150000,500,409.040000,100,409.030000,100,409.720000,50,409.920000,100,409.950000,100
2022-08-01 13:30:00.362277120,343289,BID_UPDATE,SPY,409.150000,500,409.030000,100,408.990000,100,409.720000,50,409.920000,100,409.950000,100
2022-08-01 13:30:00.378533888,343618,ASK_UPDATE,SPY,409.150000,500,409.030000,100,408.990000,100,409.270000,500,409.720000,50,409.920000,100
2022-08-01 13:30:00.401200128,344042,ASK_UPDATE,SPY,409.150000,500,409.030000,100,408.990000,100,409.260000,500,409.270000,500,409.720000,50
2022-08-01 13:30:00.401680896,344061,ASK_UPDATE,SPY,409.150000,500,409.030000,100,408.990000,100,409.260000,500,409.720000,50,409.920000,100
2022-08-01 13:30:00.432589056,344996,ASK_UPDATE,SPY,409.150000,500,409.030000,100,408.990000,100,409.250000,500,409.260000,500,409.720000,50
2022-08-01 13:30:00.433005056,345011,ASK_UPDATE,SPY,409.150000,500,409.030000,100,408.990000,100,409.250000,500,409.720000,50,409.920000,100
2022-08-01 13:30:00.454914048,345767,ASK_UPDATE,SPY,409.150000,500,409.030000,100,408.990000,100,409.240000,500,409.250000,500,409.720000,50
2022-08-01 13:30:00.455340032,345777,ASK_UPDATE,SPY,409.150000,500,409.030000,100,408.990000,100,409.240000,500,409.720000,50,409.920000,100
2022-08-01 13:30:00.464051968,346083,ASK_UPDATE,SPY,409.150000,500,409.030000,100,408.990000,100,409.720000,50,409.920000,100,409.950000,100
2022-08-01 13:30:00.475629056,346572,BID_UPDATE,SPY,409.030000,100,408.990000,100,408.960000,100,409.720000,50,409.920000,100,409.950000,100
2022-08-01 13:30:00.476680960,346607,BID_UPDATE,SPY,409.040000,100,409.030000,100,408.990000,100,409.720000,50,409.920000,100,409.950000,100
2022-08-01 13:30:00.478818048,346702,BID_UPDATE,SPY,409.150000,500,409.040000,100,409.030000,100,409.720000,50,409.920000,100,409.950000,100
2022-08-01 13:30:00.482514944,346864,BID_UPDATE,SPY,409.150000,700,409.040000,100,409.030000,100,409.720000,50,409.920000,100,409.950000,100
2022-08-01 13:30:00.482804992,346878,BID_UPDATE,SPY,409.150000,500,409.040000,100,409.030000,100,409.720000,50,409.920000,100,409.950000,100
2022-08-01 13:30:00.484396032,346947,ASK_UPDATE,SPY,409.150000,500,409.040000,100,409.030000,100,409.240000,500,409.720000,50,409.920000,100
2022-08-01 13:30:00.518510080,348323,ASK_UPDATE,SPY,409.150000,500,409.040000,100,409.030000,100,409.230000,500,409.240000,500,409.720000,50
2022-08-01 13:30:00.518919936,348354,ASK_UPDATE,SPY,409.150000,500,409.040000,100,409.030000,100,409.230000,500,409.720000,50,409.920000,100
2022-08-01 13:30:00.543053056,349656,ASK_UPDATE,SPY,409.150000,500,409.040000,100,409.030000,100,409.220000,500,409.230000,500,409.720000,50
2022-08-01 13:30:00.543454976,349665,ASK_UPDATE,SPY,409.150000,500,409.040000,100,409.030000,100,409.220000,500,409.720000,50,409.920000,100
2022-08-01 13:30:00.544282112,349688,ASK_UPDATE,SPY,409.150000,500,409.040000,100,409.030000,100,409.720000,50,409.920000,100,409.950000,100
2022-08-01 13:30:00.555843072,349885,ASK_UPDATE,SPY,409.150000,500,409.040000,100,409.030000,100,409.220000,500,409.720000,50,409.920000,100
2022-08-01 13:30:00.568972032,350147,BID_UPDATE,SPY,409.040000,100,409.030000,100,408.990000,100,409.220000,500,409.720000,50,409.920000,100
2022-08-01 13:30:00.569060096,350150,ASK_UPDATE,SPY,409.040000,100,409.030000,100,408.990000,100,409.210000,500,409.220000,500,409.720000,50
2022-08-01 13:30:00.569462016,350164,ASK_UPDATE,SPY,409.040000,100,409.030000,100,408.990000,100,409.210000,500,409.720000,50,409.920000,100
2022-08-01 13:30:00.576795904,350306,ASK_UPDATE,SPY,409.040000,100,409.030000,100,408.990000,100,409.720000,50,409.920000,100,409.950000,100
2022-08-01 13:30:00.644140032,351577,BID_UPDATE,SPY,409.150000,500,409.040000,100,409.030000,100,409.720000,50,409.920000,100,409.950000,100
2022-08-01 13:30:00.645255936,351623,BID_UPDATE,SPY,409.150000,500,409.030000,100,408.990000,100,409.720000,50,409.920000,100,409.950000,100
2022-08-01 13:30:00.662479104,351897,BID_UPDATE,SPY,409.150000,500,409.060000,100,409.030000,100,409.720000,50,409.920000,100,409.950000,100
2022-08-01 13:30:00.688086016,352592,ASK_UPDATE,SPY,409.150000,500,409.060000,100,409.030000,100,409.160000,28,409.720000,50,409.920000,100
2022-08-01 13:30:00.688088064,352594,ASK_UPDATE,SPY,409.150000,500,409.060000,100,409.030000,100,409.160000,51,409.720000,50,409.920000,100
2022-08-01 13:30:00.688753920,352650,ASK_UPDATE,SPY,409.150000,500,409.060000,100,409.030000,100,409.160000,51,409.210000,500,409.720000,50
2022-08-01 13:30:00.699374080,353014,ASK_UPDATE,SPY,409.150000,500,409.060000,100,409.030000,100,409.170000,51,409.210000,500,409.720000,50
2022-08-01 13:30:00.715163904,353460,ASK_UPDATE,SPY,409.150000,500,409.060000,100,409.030000,100,409.170000,251,409.210000,500,409.720000,50
2022-08-01 13:30:00.716281088,353486,ASK_UPDATE,SPY,409.150000,500,409.060000,100,409.030000,100,409.170000,51,409.210000,500,409.720000,50
2022-08-01 13:30:00.729617920,353933,ASK_UPDATE,SPY,409.150000,500,409.060000,100,409.030000,100,409.170000,251,409.210000,500,409.720000,50
2022-08-01 13:30:00.729617920,353934,ASK_UPDATE,SPY,409.150000,500,409.060000,100,409.030000,100,409.170000,51,409.210000,500,409.720000,50
2022-08-01 13:30:00.738521088,354147,ASK_UPDATE,SPY,409.150000,500,409.060000,100,409.030000,100,409.170000,251,409.210000,500,409.720000,50
2022-08-01 13:30:00.741991936,354255,BID_UPDATE,SPY,409.060000,100,409.030000,100,408.990000,100,409.170000,251,409.210000,500,409.720000,50
2022-08-01 13:30:00.770483968,355366,ASK_UPDATE,SPY,409.060000,100,409.030000,100,408.990000,100,409.170000,51,409.210000,500,409.720000,50
2022-08-01 13:30:00.775759104,355594,ASK_UPDATE,SPY,409.060000,100,409.030000,100,408.990000,100,409.160000,200,409.170000,51,409.210000,500
2022-08-01 13:30:00.776643072,355623,ASK_UPDATE,SPY,409.060000,100,409.030000,100,408.990000,100,409.160000,300,409.170000,51,409.210000,500
2022-08-01 13:30:00.801588992,356663,ASK_UPDATE,SPY,409.060000,100,409.030000,100,408.990000,100,409.160000,200,409.170000,51,409.210000,500
2022-08-01 13:30:00.814843904,357351,ASK_UPDATE,SPY,409.060000,100,409.030000,100,408.990000,100,409.160000,300,409.170000,51,409.210000,500
2022-08-01 13:30:00.820642048,357711,ASK_UPDATE,SPY,409.060000,100,409.030000,100,408.990000,100,409.160000,100,409.170000,51,409.210000,500
2022-08-01 13:30:00.820645120,357715,BID_UPDATE,SPY,409.060000,100,409.030000,100,408.990000,100,409.160000,100,409.170000,51,409.210000,500
2022-08-01 13:30:00.820646912,357717,ASK_UPDATE,SPY,409.060000,100,409.030000,100,408.990000,100,409.160000,100,409.170000,51,409.720000,50
2022-08-01 13:30:00.821629952,357770,ASK_UPDATE,SPY,409.060000,100,409.030000,100,408.990000,100,409.170000,151,409.720000,50,409.920000,100
2022-08-01 13:30:00.826511104,358036,ASK_UPDATE,SPY,409.060000,100,409.030000,100,408.990000,100,409.170000,51,409.720000,50,409.920000,100
2022-08-01 13:30:00.845588992,358799,BID_UPDATE,SPY,409.060000,100,409.030000,100,408.990000,100,409.170000,51,409.720000,50,409.920000,100
2022-08-01 13:30:00.860623872,359525,BID_UPDATE,SPY,409.060000,100,409.030000,100,408.990000,100,409.170000,51,409.720000,50,409.920000,100
2022-08-01 13:30:00.927203072,362667,ASK_UPDATE,SPY,409.060000,100,409.030000,100,408.990000,100,409.180000,19,409.720000,50,409.920000,100
2022-08-01 13:30:00.935124992,363028,ASK_UPDATE,SPY,409.060000,100,409.030000,100,408.990000,100,409.180000,19,409.190000,200,409.720000,50
2022-08-01 13:30:00.951010048,363920,BID_UPDATE,SPY,409.060000,100,409.030000,100,408.990000,100,409.180000,19,409.190000,200,409.720000,50
2022-08-01 13:30:00.953822976,364073,ASK_UPDATE,SPY,409.060000,100,409.030000,100,408.990000,100,409.190000,119,409.720000,50,409.920000,100
2022-08-01 13:30:00.979540992,365658,ASK_UPDATE,SPY,409.060000,100,409.030000,100,408.990000,100,409.720000,50,409.920000,100,409.950000,100
2022-08-01 13:30:01.001756928,366998,BID_UPDATE,SPY,409.150000,100,409.060000,100,409.030000,100,409.720000,50,409.920000,100,409.950000,100
2022-08-01 13:30:01.011727104,368301,BID_UPDATE,SPY,409.060000,100,409.030000,100,408.990000,100,409.720000,50,409.920000,100,409.950000,100
2022-08-01 13:30:01.031745024,369888,BID_UPDATE,SPY,409.060000,100,409.030000,100,408.990000,100,409.720000,50,409.920000,100,409.950000,100
2022-08-01 13:30:01.031750912,369896,ASK_UPDATE,SPY,409.060000,100,409.030000,100,408.990000,100,409.190000,200,409.720000,50,409.920000,100
2022-08-01 13:30:01.049883904,371146,ASK_UPDATE,SPY,409.060000,100,409.030000,100,408.990000,100,409.190000,300,409.720000,50,409.920000,100
2022-08-01 13:30:01.054087936,371421,ASK_UPDATE,SPY,409.060000,100,409.030000,100,408.990000,100,409.190000,200,409.720000,50,409.920000,100
2022-08-01 13:30:01.054091008,371426,ASK_UPDATE,SPY,409.060000,100,409.030000,100,408.990000,100,409.720000,50,409.920000,100,409.950000,100
2022-08-01 13:30:01.057347072,371531,ASK_UPDATE,SPY,409.060000,100,409.030000,100,408.990000,100,409.190000,200,409.720000,50,409.920000,100
2022-08-01 13:30:01.057358080,371549,ASK_UPDATE,SPY,409.060000,100,409.030000,100,408.990000,100,409.720000,50,409.920000,100,409.950000,100
2022-08-01 13:30:01.067170048,372224,ASK_UPDATE,SPY,409.060000,100,409.030000,100,408.990000,100,409.180000,200,409.720000,50,409.920000,100
2022-08-01 13:30:01.068008960,372247,ASK_UPDATE,SPY,409.060000,100,409.030000,100,408.990000,100,409.720000,50,409.920000,100,409.950000,100
2022-08-01 13:30:01.077071872,372916,ASK_UPDATE,SPY,409.060000,100,409.030000,100,408.990000,100,409.180000,200,409.720000,50,409.920000,100
2022-08-01 13:30:01.086322944,373411,ASK_UPDATE,SPY,409.060000,100,409.030000,100,408.990000,100,409.720000,50,409.920000,100,409.950000,100
2022-08-01 13:30:01.099194880,374189,BID_UPDATE,SPY,409.060000,100,409.030000,100,408.990000,100,409.720000,50,409.920000,100,409.950000,100
2022-08-01 13:30:01.126225920,375766,BID_UPDATE,SPY,409.150000,200,409.060000,100,409.030000,100,409.720000,50,409.920000,100,409.950000,100
2022-08-01 13:30:01.131726080,376085,BID_UPDATE,SPY,409.150000,200,409.060000,100,409.030000,100,409.720000,50,409.920000,100,409.950000,100
2022-08-01 13:30:01.140325120,376534,BID_UPDATE,SPY,409.060000,100,409.030000,100,408.990000,100,409.720000,50,409.920000,100,409.950000,100
2022-08-01 13:30:01.140349952,376573,BID_UPDATE,SPY,409.060000,100,409.030000,100,408.990000,100,409.720000,50,409.920000,100,409.950000,100
2022-08-01 13:30:01.182264064,378569,BID_UPDATE,SPY,409.070000,100,409.060000,100,409.030000,100,409.720000,50,409.920000,100,409.950000,100
2022-08-01 13:30:01.187461120,378752,ASK_UPDATE,SPY,409.070000,100,409.060000,100,409.030000,100,409.230000,200,409.720000,50,409.920000,100
2022-08-01 13:30:01.194721024,379114,ASK_UPDATE,SPY,409.070000,100,409.060000,100,409.030000,100,409.230000,300,409.720000,50,409.920000,100
2022-08-01 13:30:01.197910016,379213,ASK_UPDATE,SPY,409.070000,100,409.060000,100,409.030000,100,409.230000,200,409.720000,50,409.920000,100
2022-08-01 13:30:01.197914880,379222,ASK_UPDATE,SPY,409.070000,100,409.060000,100,409.030000,100,409.720000,50,409.920000,100,409.950000,100
2022-08-01 13:30:01.197916928,379234,ASK_UPDATE,SPY,409.070000,100,409.060000,100,409.030000,100,409.220000,200,409.720000,50,409.920000,100
2022-08-01 13:30:01.197918976,379239,ASK_UPDATE,SPY,409.070000,100,409.060000,100,409.030000,100,409.720000,50,409.920000,100,409.950000,100
2022-08-01 13:30:01.202850048,379621,ASK_UPDATE,SPY,409.070000,100,409.060000,100,409.030000,100,409.220000,200,409.720000,50,409.920000,100
2022-08-01 13:30:01.212762112,380142,ASK_UPDATE,SPY,409.070000,100,409.060000,100,409.030000,100,409.720000,50,409.920000,100,409.950000,100
2022-08-01 13:30:01.212762880,380146,ASK_UPDATE,SPY,409.070000,100,409.060000,100,409.030000,100,409.210000,200,409.720000,50,409.920000,100
2022-08-01 13:30:01.212764928,380148,ASK_UPDATE,SPY,409.070000,100,409.060000,100,409.030000,100,409.720000,50,409.920000,100,409.950000,100
2022-08-01 13:30:01.225679104,380647,BID_UPDATE,SPY,409.150000,500,409.070000,100,409.060000,100,409.720000,50,409.920000,100,409.950000,100
2022-08-01 13:30:01.234450944,381113,BID_UPDATE,SPY,409.150000,500,409.060000,100,409.030000,100,409.720000,50,409.920000,100,409.950000,100
2022-08-01 13:30:01.251343872,381774,BID_UPDATE,SPY,409.150000,700,409.060000,100,409.030000,100,409.720000,50,409.920000,100,409.950000,100
2022-08-01 13:30:01.251803904,381788,BID_UPDATE,SPY,409.150000,700,409.060000,100,409.030000,100,409.720000,50,409.920000,100,409.950000,100
2022-08-01 13:30:01.275154944,382840,BID_UPDATE,SPY,409.150000,500,409.060000,100,409.030000,100,409.720000,50,409.920000,100,409.950000,100
2022-08-01 13:30:01.275158016,382844,BID_UPDATE,SPY,409.150000,500,409.060000,100,409.030000,100,409.720000,50,409.920000,100,409.950000,100
2022-08-01 13:30:01.367342080,386472,BID_UPDATE,SPY,409.150000,500,409.060000,100,409.030000,100,409.720000,50,409.920000,100,409.950000,100
2022-08-01 13:30:01.377598976,386845,BID_UPDATE,SPY,409.150000,500,409.060000,100,409.030000,100,409.720000,50,409.920000,100,409.950000,100
2022-08-01 13:30:01.388073984,387342,BID_UPDATE,SPY,409.150000,700,409.060000,100,409.030000,100,409.720000,50,409.920000,100,409.950000,100
2022-08-01 13:30:01.407697920,388101,BID_UPDATE,SPY,409.160000,700,409.060000,100,409.030000,100,409.720000,50,409.920000,100,409.950000,100
2022-08-01 13:30:01.407856896,388109,BID_UPDATE,SPY,409.180000,700,409.060000,100,409.030000,100,409.720000,50,409.920000,100,409.950000,100
2022-08-01 13:30:01.408105984,388124,BID_UPDATE,SPY,409.190000,700,409.060000,100,409.030000,100,409.720000,50,409.920000,100,409.950000,100
2022-08-01 13:30:01.408107008,388127,BID_UPDATE,SPY,409.210000,200,409.200000,500,409.060000,100,409.720000,50,409.920000,100,409.950000,100
2022-08-01 13:30:01.408418048,388146,BID_UPDATE,SPY,409.230000,200,409.200000,500,409.060000,100,409.720000,50,409.920000,100,409.950000,100
2022-08-01 13:30:01.416653056,388537,BID_UPDATE,SPY,409.200000,500,409.060000,100,409.030000,100,409.720000,50,409.920000,100,409.950000,100
2022-08-01 13:30:01.439148032,389505,BID_UPDATE,SPY,409.200000,500,409.190000,500,409.060000,100,409.720000,50,409.920000,100,409.950000,100
2022-08-01 13:30:01.454141952,390123,BID_UPDATE,SPY,409.200000,1000,409.060000,100,409.030000,100,409.720000,50,409.920000,100,409.950000,100
2022-08-01 13:30:01.454142976,390126,BID_UPDATE,SPY,409.210000,500,409.200000,500,409.060000,100,409.720000,50,409.920000,100,409.950000,100
2022-08-01 13:30:01.454149120,390133,BID_UPDATE,SPY,409.210000,500,409.200000,500,409.060000,100,409.720000,50,409.920000,100,409.950000,100
2022-08-01 13:30:01.460474112,390342,BID_UPDATE,SPY,409.230000,500,409.200000,500,409.060000,100,409.720000,50,409.920000,100,409.950000,100
2022-08-01 13:30:01.464022016,390482,BID_UPDATE,SPY,409.200000,500,409.060000,100,409.030000,100,409.720000,50,409.920000,100,409.950000,100
2022-08-01 13:30:01.486885888,391354,BID_UPDATE,SPY,409.250000,500,409.200000,500,409.060000,100,409.720000,50,409.920000,100,409.950000,100
2022-08-01 13:30:01.488581120,391436,BID_UPDATE,SPY,409.250000,1000,409.200000,500,409.060000,100,409.720000,50,409.920000,100,409.950000,100
2022-08-01 13:30:01.494351104,391612,BID_UPDATE,SPY,409.260000,500,409.250000,500,409.200000,500,409.720000,50,409.920000,100,409.950000,100
2022-08-01 13:30:01.515269888,392443,BID_UPDATE,SPY,409.270000,200,409.260000,500,409.250000,500,409.720000,50,409.920000,100,409.950000,100
2022-08-01 13:30:01.537123072,393466,BID_UPDATE,SPY,409.260000,500,409.250000,500,409.200000,500,409.720000,50,409.920000,100,409.950000,100
2022-08-01 13:30:01.537125120,393470,BID_UPDATE,SPY,409.250000,500,409.200000,500,409.060000,100,409.720000,50,409.920000,100,409.950000,100
2022-08-01 13:30:01.537127936,393472,BID_UPDATE,SPY,409.200000,500,409.060000,100,409.030000,100,409.720000,50,409.920000,100,409.950000,100
2022-08-01 13:30:01.543427072,393766,BID_UPDATE,SPY,409.270000,500,409.200000,500,409.060000,100,409.720000,50,409.920000,100,409.950000,100
2022-08-01 13:30:01.543438080,393788,BID_UPDATE,SPY,409.200000,500,409.060000,100,409.030000,100,409.720000,50,409.920000,100,409.950000,100
2022-08-01 13:30:01.551438080,394101,BID_UPDATE,SPY,409.200000,500,409.060000,100,409.030000,100,409.720000,50,409.920000,100,409.950000,100
2022-08-01 13:30:01.554659072,394182,ASK_UPDATE,SPY,409.200000,500,409.060000,100,409.030000,100,409.300000,100,409.720000,50,409.920000,100
2022-08-01 13:30:01.557278976,394279,BID_UPDATE,SPY,409.260000,500,409.200000,500,409.060000,100,409.300000,100,409.720000,50,409.920000,100
2022-08-01 13:30:01.557676032,394295,ASK_UPDATE,SPY,409.260000,500,409.200000,500,409.060000,100,409.300000,300,409.720000,50,409.920000,100
2022-08-01 13:30:01.566159872,394526,ASK_UPDATE,SPY,409.260000,500,409.200000,500,409.060000,100,409.300000,100,409.720000,50,409.920000,100
2022-08-01 13:30:01.575408896,394851,BID_UPDATE,SPY,409.260000,500,409.200000,500,409.060000,100,409.300000,100,409.720000,50,409.920000,100
2022-08-01 13:30:01.589197056,395205,BID_UPDATE,SPY,409.260000,500,409.200000,500,409.060000,100,409.300000,100,409.720000,50,409.920000,100
2022-08-01 13:30:01.589612032,395215,BID_UPDATE,SPY,409.260000,500,409.200000,500,409.060000,100,409.300000,100,409.720000,50,409.920000,100
2022-08-01 13:30:01.591343104,395239,BID_UPDATE,SPY,409.260000,500,409.200000,500,409.060000,100,409.300000,100,409.720000,50,409.920000,100
2022-08-01 13:30:01.597853952,395359,ASK_UPDATE,SPY,409.260000,500,409.200000,500,409.060000,100,409.300000,100,409.720000,50,409.950000,100
2022-08-01 13:30:01.597860096,395379,BID_UPDATE,SPY,409.260000,500,409.200000,500,409.060000,100,409.300000,100,409.720000,50,409.950000,100
2022-08-01 13:30:01.599118080,395449,ASK_UPDATE,SPY,409.260000,500,409.200000,500,409.060000,100,409.720000,50,409.950000,100,409.980000,100
2022-08-01 13:30:01.599155968,395498,ASK_UPDATE,SPY,409.260000,500,409.200000,500,409.060000,100,409.720000,50,409.950000,100,409.980000,100
2022-08-01 13:30:01.599159040,395504,BID_UPDATE,SPY,409.260000,500,409.200000,500,409.090000,100,409.720000,50,409.950000,100,409.980000,100
2022-08-01 13:30:01.602121984,395665,BID_UPDATE,SPY,409.200000,500,409.090000,100,409.060000,100,409.720000,50,409.950000,100,409.980000,100
2022-08-01 13:30:01.604994048,395759,BID_UPDATE,SPY,409.270000,500,409.200000,500,409.090000,100,409.720000,50,409.950000,100,409.980000,100
2022-08-01 13:30:01.605263104,395775,BID_UPDATE,SPY,409.260000,500,409.200000,500,409.090000,100,409.720000,50,409.950000,100,409.980000,100
2022-08-01 13:30:01.606761984,395831,BID_UPDATE,SPY,409.200000,500,409.090000,100,409.060000,100,409.720000,50,409.950000,100,409.980000,100
2022-08-01 13:30:01.609761024,395909,ASK_UPDATE,SPY,409.200000,500,409.090000,100,409.060000,100,409.310000,200,409.720000,50,409.950000,100
2022-08-01 13:30:01.609978112,395917,ASK_UPDATE,SPY,409.200000,500,409.090000,100,409.060000,100,409.720000,50,409.950000,100,409.980000,100
2022-08-01 13:30:01.611294976,395972,BID_UPDATE,SPY,409.200000,500,409.090000,100,409.060000,100,409.720000,50,409.950000,100,409.980000,100
2022-08-01 13:30:01.622115072,396219,ASK_UPDATE,SPY,409.200000,500,409.090000,100,409.060000,100,409.320000,500,409.720000,50,409.950000,100
2022-08-01 13:30:01.622277120,396225,ASK_UPDATE,SPY,409.200000,500,409.090000,100,409.060000,100,409.720000,50,409.950000,100,409.980000,100
2022-08-01 13:30:01.623876096,396260,BID_UPDATE,SPY,409.200000,500,409.090000,100,409.060000,100,409.720000,50,409.950000,100,409.980000,100
2022-08-01 13:30:01.627116032,396329,ASK_UPDATE,SPY,409.200000,500,409.090000,100,409.060000,100,409.310000,200,409.720000,50,409.950000,100
2022-08-01 13:30:01.639704064,396582,ASK_UPDATE,SPY,409.200000,500,409.090000,100,409.060000,100,409.320000,200,409.720000,50,409.950000,100
2022-08-01 13:30:01.640242944,396596,ASK_UPDATE,SPY,409.200000,500,409.090000,100,409.060000,100,409.720000,50,409.950000,100,409.980000,100
2022-08-01 13:30:01.640247040,396600,BID_UPDATE,SPY,409.270000,200,409.200000,500,409.090000,100,409.720000,50,409.950000,100,409.980000,100
2022-08-01 13:30:01.655395072,397010,ASK_UPDATE,SPY,409.270000,200,409.200000,500,409.090000,100,409.310000,200,409.720000,50,409.950000,100
2022-08-01 13:30:01.658672896,397149,ASK_UPDATE,SPY,409.270000,200,409.200000,500,409.090000,100,409.320000,200,409.720000,50,409.950000,100
2022-08-01 13:30:01.659318016,397183,ASK_UPDATE,SPY,409.270000,200,409.200000,500,409.090000,100,409.720000,50,409.950000,100,409.980000,100
2022-08-01 13:30:01.673914112,397696,ASK_UPDATE,SPY,409.270000,200,409.200000,500,409.090000,100,409.720000,50,409.950000,100,409.980000,100
2022-08-01 13:30:01.683091968,398039,BID_UPDATE,SPY,409.270000,200,409.200000,500,409.060000,100,409.720000,50,409.950000,100,409.980000,100
2022-08-01 13:30:01.690765056,398346,ASK_UPDATE,SPY,409.270000,200,409.200000,500,409.060000,100,409.310000,200,409.720000,50,409.950000,100
2022-08-01 13:30:01.690792960,398380,ASK_UPDATE,SPY,409.270000,200,409.200000,500,409.060000,100,409.310000,300,409.720000,50,409.950000,100
2022-08-01 13:30:01.691206912,398410,ASK_UPDATE,SPY,409.270000,200,409.200000,500,409.060000,100,409.310000,200,409.720000,50,409.950000,100
2022-08-01 13:30:01.696408064,398617,BID_UPDATE,SPY,409.200000,500,409.060000,100,409.030000,100,409.310000,200,409.720000,50,409.950000,100
2022-08-01 13:30:01.701910016,398796,ASK_UPDATE,SPY,409.200000,500,409.060000,100,409.030000,100,409.310000,700,409.720000,50,409.950000,100
2022-08-01 13:30:01.701914880,398804,ASK_UPDATE,SPY,409.200000,500,409.060000,100,409.030000,100,409.300000,500,409.310000,700,409.720000,50
2022-08-01 13:30:01.701916928,398813,ASK_UPDATE,SPY,409.200000,500,409.060000,100,409.030000,100,409.300000,1000,409.310000,700,409.720000,50
2022-08-01 13:30:01.701923072,398823,ASK_UPDATE,SPY,409.200000,500,409.060000,100,409.030000,100,409.300000,1000,409.310000,500,409.720000,50
2022-08-01 13:30:01.701925120,398825,ASK_UPDATE,SPY,409.200000,500,409.060000,100,409.030000,100,409.300000,1200,409.310000,500,409.720000,50
2022-08-01 13:30:01.701926912,398829,ASK_UPDATE,SPY,409.200000,500,409.060000,100,409.030000,100,409.300000,1000,409.310000,500,409.720000,50
2022-08-01 13:30:01.702385920,398864,ASK_UPDATE,SPY,409.200000,500,409.060000,100,409.030000,100,409.290000,200,409.300000,1000,409.310000,500
2022-08-01 13:30:01.702386944,398865,ASK_UPDATE,SPY,409.200000,500,409.060000,100,409.030000,100,409.300000,1000,409.310000,500,409.720000,50
2022-08-01 13:30:01.711545088,399183,ASK_UPDATE,SPY,409.200000,500,409.060000,100,409.030000,100,409.280000,200,409.300000,1000,409.310000,500
2022-08-01 13:30:01.711552000,399189,ASK_UPDATE,SPY,409.200000,500,409.060000,100,409.030000,100,409.300000,1000,409.310000,500,409.720000,50
2022-08-01 13:30:01.712155904,399194,ASK_UPDATE,SPY,409.200000,500,409.060000,100,409.030000,100,409.300000,1200,409.310000,500,409.720000,50
2022-08-01 13:30:01.712504064,399206,ASK_UPDATE,SPY,409.200000,500,409.060000,100,409.030000,100,409.280000,200,409.300000,1200,409.310000,500
2022-08-01 13:30:01.712504064,399207,ASK_UPDATE,SPY,409.200000,500,409.060000,100,409.030000,100,409.280000,200,409.300000,1000,409.310000,500
2022-08-01 13:30:01.712507904,399211,ASK_UPDATE,SPY,409.200000,500,409.060000,100,409.030000,100,409.300000,1000,409.310000,500,409.720000,50
2022-08-01 13:30:01.712509952,399214,ASK_UPDATE,SPY,409.200000,500,409.060000,100,409.030000,100,409.290000,200,409.300000,1000,409.310000,500
2022-08-01 13:30:01.712965888,399225,ASK_UPDATE,SPY,409.200000,500,409.060000,100,409.030000,100,409.300000,1000,409.310000,500,409.720000,50
2022-08-01 13:30:01.721929984,399472,ASK_UPDATE,SPY,409.200000,500,409.060000,100,409.030000,100,409.300000,500,409.310000,500,409.720000,50
2022-08-01 13:30:01.729970944,399682,ASK_UPDATE,SPY,409.200000,500,409.060000,100,409.030000,100,409.310000,500,409.720000,50,409.950000,100
2022-08-01 13:30:01.729974016,399686,ASK_UPDATE,SPY,409.200000,500,409.060000,100,409.030000,100,409.720000,50,409.950000,100,409.980000,100
2022-08-01 13:30:01.731374080,399750,ASK_UPDATE,SPY,409.200000,500,409.060000,100,409.030000,100,409.300000,500,409.720000,50,409.950000,100
2022-08-01 13:30:01.741594880,399994,BID_UPDATE,SPY,409.200000,500,409.060000,100,409.030000,100,409.300000,500,409.720000,50,409.950000,100
2022-08-01 13:30:01.744179968,400065,ASK_UPDATE,SPY,409.200000,500,409.060000,100,409.030000,100,409.720000,50,409.950000,100,409.980000,100
2022-08-01 13:30:01.744928000,400078,ASK_UPDATE,SPY,409.200000,500,409.060000,100,409.030000,100,409.300000,500,409.720000,50,409.950000,100
2022-08-01 13:30:01.751119104,400234,BID_UPDATE,SPY,409.200000,500,409.060000,100,409.030000,100,409.300000,500,409.720000,50,409.950000,100
2022-08-01 13:30:01.762713088,400542,ASK_UPDATE,SPY,409.200000,500,409.060000,100,409.030000,100,409.300000,500,409.720000,50,409.920000,100
2022-08-01 13:30:01.772623872,400775,BID_UPDATE,SPY,409.260000,200,409.200000,500,409.060000,100,409.300000,500,409.720000,50,409.920000,100
2022-08-01 13:30:01.772645888,400805,ASK_UPDATE,SPY,409.260000,200,409.200000,500,409.060000,100,409.720000,50,409.920000,100,409.950000,100
2022-08-01 13:30:01.772743936,400811,ASK_UPDATE,SPY,409.260000,200,409.200000,500,409.060000,100,409.290000,200,409.720000,50,409.920000,100
2022-08-01 13:30:01.774309120,400852,ASK_UPDATE,SPY,409.260000,200,409.200000,500,409.060000,100,409.290000,300,409.720000,50,409.920000,100
2022-08-01 13:30:01.790707968,401224,ASK_UPDATE,SPY,409.260000,200,409.200000,500,409.060000,100,409.300000,300,409.720000,50,409.920000,100
2022-08-01 13:30:01.790710016,401228,ASK_UPDATE,SPY,409.260000,200,409.200000,500,409.060000,100,409.300000,100,409.720000,50,409.920000,100
2022-08-01 13:30:01.790873088,401232,ASK_UPDATE,SPY,409.260000,200,409.200000,500,409.060000,100,409.300000,300,409.720000,50,409.920000,100
2022-08-01 13:30:01.791319040,401252,ASK_UPDATE,SPY,409.260000,200,409.200000,500,409.060000,100,409.300000,100,409.720000,50,409.920000,100
2022-08-01 13:30:01.796316928,401381,BID_UPDATE,SPY,409.250000,200,409.200000,500,409.060000,100,409.300000,100,409.720000,50,409.920000,100
2022-08-01 13:30:01.797000960,401396,BID_UPDATE,SPY,409.200000,500,409.060000,100,409.030000,100,409.300000,100,409.720000,50,409.920000,100
2022-08-01 13:30:01.800442112,401552,ASK_UPDATE,SPY,409.200000,500,409.060000,100,409.030000,100,409.720000,50,409.920000,100,409.950000,100
2022-08-01 13:30:01.802224896,401655,ASK_UPDATE,SPY,409.200000,500,409.060000,100,409.030000,100,409.290000,200,409.720000,50,409.920000,100
2022-08-01 13:30:01.817708032,402261,ASK_UPDATE,SPY,409.200000,500,409.060000,100,409.030000,100,409.290000,300,409.720000,50,409.920000,100
2022-08-01 13:30:01.817721088,402263,ASK_UPDATE,SPY,409.200000,500,409.060000,100,409.030000,100,409.290000,200,409.720000,50,409.920000,100
2022-08-01 13:30:01.817912064,402266,ASK_UPDATE,SPY,409.200000,500,409.060000,100,409.030000,100,409.290000,300,409.720000,50,409.920000,100
2022-08-01 13:30:01.820694016,402335,ASK_UPDATE,SPY,409.200000,500,409.060000,100,409.030000,100,409.720000,50,409.920000,100,409.950000,100
2022-08-01 13:30:01.820880896,402349,ASK_UPDATE,SPY,409.200000,500,409.060000,100,409.030000,100,409.300000,500,409.720000,50,409.920000,100
2022-08-01 13:30:01.820976896,402350,ASK_UPDATE,SPY,409.200000,500,409.060000,100,409.030000,100,409.720000,50,409.920000,100,409.950000,100
2022-08-01 13:30:01.825291008,402465,ASK_UPDATE,SPY,409.200000,500,409.060000,100,409.030000,100,409.300000,500,409.720000,50,409.920000,100
2022-08-01 13:30:01.825665024,402478,ASK_UPDATE,SPY,409.200000,500,409.060000,100,409.030000,100,409.720000,50,409.920000,100,409.950000,100
2022-08-01 13:30:01.897357056,404895,BID_UPDATE,SPY,409.260000,200,409.200000,500,409.060000,100,409.720000,50,409.920000,100,409.950000,100
2022-08-01 13:30:01.904228096,405184,BID_UPDATE,SPY,409.260000,200,409.250000,500,409.200000,500,409.720000,50,409.920000,100,409.950000,100
2022-08-01 13:30:01.904229888,405186,BID_UPDATE,SPY,409.260000,200,409.250000,1000,409.200000,500,409.720000,50,409.920000,100,409.950000,100
2022-08-01 13:30:01.904229888,405187,BID_UPDATE,SPY,409.260000,200,409.250000,1500,409.200000,500,409.720000,50,409.920000,100,409.950000,100
2022-08-01 13:30:01.904556032,405203,BID_UPDATE,SPY,409.260000,200,409.250000,1000,409.200000,500,409.720000,50,409.920000,100,409.950000,100
2022-08-01 13:30:01.909217024,405406,BID_UPDATE,SPY,409.260000,200,409.250000,500,409.200000,500,409.720000,50,409.920000,100,409.950000,100
2022-08-01 13:30:01.909217024,405407,BID_UPDATE,SPY,409.260000,200,409.200000,500,409.060000,100,409.720000,50,409.920000,100,409.950000,100
2022-08-01 13:30:01.918513920,405745,BID_UPDATE,SPY,409.250000,200,409.200000,500,409.060000,100,409.720000,50,409.920000,100,409.950000,100
2022-08-01 13:30:01.918759936,405752,BID_UPDATE,SPY,409.200000,500,409.060000,100,409.030000,100,409.720000,50,409.920000,100,409.950000,100
2022-08-01 13:30:01.944674048,407002,BID_UPDATE,SPY,409.240000,200,409.200000,500,409.060000,100,409.720000,50,409.920000,100,409.950000,100
2022-08-01 13:30:02.000979968,409290,BID_UPDATE,SPY,409.240000,700,409.200000,500,409.060000,100,409.720000,50,409.920000,100,409.950000,100
2022-08-01 13:30:02.018496000,410490,BID_UPDATE,SPY,409.240000,200,409.200000,500,409.060000,100,409.720000,50,409.920000,100,409.950000,100
2022-08-01 13:30:02.022447104,410664,BID_UPDATE,SPY,409.200000,500,409.060000,100,409.030000,100,409.720000,50,409.920000,100,409.950000,100
2022-08-01 13:30:02.022600960,410670,BID_UPDATE,SPY,409.240000,200,409.200000,500,409.060000,100,409.720000,50,409.920000,100,409.950000,100
2022-08-01 13:30:02.025733888,410816,BID_UPDATE,SPY,409.240000,100,409.200000,500,409.060000,100,409.720000,50,409.920000,100,409.950000,100
2022-08-01 13:30:02.027685120,410921,BID_UPDATE,SPY,409.240000,600,409.200000,500,409.060000,100,409.720000,50,409.920000,100,409.950000,100
2022-08-01 13:30:02.027694080,410923,BID_UPDATE,SPY,409.240000,1100,409.200000,500,409.060000,100,409.720000,50,409.920000,100,409.950000,100
2022-08-01 13:30:02.029221120,411026,BID_UPDATE,SPY,409.230000,1100,409.200000,500,409.060000,100,409.720000,50,409.920000,100,409.950000,100
2022-08-01 13:30:02.029356032,411028,BID_UPDATE,SPY,409.230000,600,409.200000,500,409.060000,100,409.720000,50,409.920000,100,409.950000,100
2022-08-01 13:30:02.029558016,411044,ASK_UPDATE,SPY,409.230000,600,409.200000,500,409.060000,100,409.300000,500,409.720000,50,409.920000,100
2022-08-01 13:30:02.029563904,411045,ASK_UPDATE,SPY,409.230000,600,409.200000,500,409.060000,100,409.720000,50,409.920000,100,409.950000,100
2022-08-01 13:30:02.029690112,411050,ASK_UPDATE,SPY,409.230000,600,409.200000,500,409.060000,100,409.300000,500,409.720000,50,409.920000,100
2022-08-01 13:30:02.029691904,411053,ASK_UPDATE,SPY,409.230000,600,409.200000,500,409.060000,100,409.720000,50,409.920000,100,409.950000,100
2022-08-01 13:30:02.029777920,411067,BID_UPDATE,SPY,409.230000,100,409.200000,500,409.060000,100,409.720000,50,409.920000,100,409.950000,100
2022-08-01 13:30:02.029815040,411069,BID_UPDATE,SPY,409.200000,500,409.060000,100,409.030000,100,409.720000,50,409.920000,100,409.950000,100
2022-08-01 13:30:02.030021888,411093,ASK_UPDATE,SPY,409.200000,500,409.060000,100,409.030000,100,409.280000,500,409.720000,50,409.920000,100
2022-08-01 13:30:02.030065920,411099,ASK_UPDATE,SPY,409.200000,500,409.060000,100,409.030000,100,409.720000,50,409.920000,100,409.950000,100
2022-08-01 13:30:02.030106880,411104,ASK_UPDATE,SPY,409.200000,500,409.060000,100,409.030000,100,409.290000,200,409.720000,50,409.920000,100
2022-08-01 13:30:02.030206976,411115,BID_UPDATE,SPY,409.230000,500,409.200000,500,409.060000,100,409.290000,200,409.720000,50,409.920000,100
2022-08-01 13:30:02.030544896,411119,BID_UPDATE,SPY,409.230000,500,409.060000,100,409.030000,100,409.290000,200,409.720000,50,409.920000,100
2022-08-01 13:30:02.030550016,411132,BID_UPDATE,SPY,409.060000,100,409.030000,100,408.990000,100,409.290000,200,409.720000,50,409.920000,100
2022-08-01 13:30:02.030555904,411145,BID_UPDATE,SPY,409.230000,500,409.060000,100,409.030000,100,409.290000,200,409.720000,50,409.920000,100
2022-08-01 13:30:02.030651904,411151,ASK_UPDATE,SPY,409.230000,500,409.060000,100,409.030000,100,409.720000,50,409.920000,100,409.950000,100
2022-08-01 13:30:02.031194880,411180,BID_UPDATE,SPY,409.060000,100,409.030000,100,408.990000,100,409.720000,50,409.920000,100,409.950000,100
2022-08-01 13:30:02.032062976,411226,BID_UPDATE,SPY,409.070000,100,409.060000,100,409.030000,100,409.720000,50,409.920000,100,409.950000,100
2022-08-01 13:30:02.035867904,411387,ASK_UPDATE,SPY,409.070000,100,409.060000,100,409.030000,100,409.290000,500,409.720000,50,409.920000,100
2022-08-01 13:30:02.036664064,411420,ASK_UPDATE,SPY,409.070000,100,409.060000,100,409.030000,100,409.720000,50,409.920000,100,409.950000,100
2022-08-01 13:30:02.037341952,411455,BID_UPDATE,SPY,409.230000,500,409.070000,100,409.060000,100,409.720000,50,409.920000,100,409.950000,100
2022-08-01 13:30:02.037682944,411465,ASK_UPDATE,SPY,409.230000,500,409.070000,100,409.060000,100,409.280000,200,409.720000,50,409.920000,100
2022-08-01 13:30:02.037943040,411473,BID_UPDATE,SPY,409.070000,100,409.060000,100,409.030000,100,409.280000,200,409.720000,50,409.920000,100
2022-08-01 13:30:02.038170880,411485,ASK_UPDATE,SPY,409.070000,100,409.060000,100,409.030000,100,409.280000,300,409.720000,50,409.920000,100
2022-08-01 13:30:02.039190016,411537,ASK_UPDATE,SPY,409.070000,100,409.060000,100,409.030000,100,409.290000,300,409.720000,50,409.920000,100
2022-08-01 13:30:02.039365120,411549,ASK_UPDATE,SPY,409.070000,100,409.060000,100,409.030000,100,409.290000,100,409.720000,50,409.920000,100
2022-08-01 13:30:02.039412992,411551,ASK_UPDATE,SPY,409.070000,100,409.060000,100,409.030000,100,409.720000,50,409.920000,100,409.950000,100
2022-08-01 13:30:02.039536896,411556,BID_UPDATE,SPY,409.230000,500,409.070000,100,409.060000,100,409.720000,50,409.920000,100,409.950000,100
2022-08-01 13:30:02.044448000,411803,BID_UPDATE,SPY,409.230000,1000,409.070000,100,409.060000,100,409.720000,50,409.920000,100,409.950000,100
2022-08-01 13:30:02.058179072,412355,BID_UPDATE,SPY,409.230000,500,409.070000,100,409.060000,100,409.720000,50,409.920000,100,409.950000,100
2022-08-01 13:30:02.058201088,412387,BID_UPDATE,SPY,409.070000,100,409.060000,100,409.030000,100,409.720000,50,409.920000,100,409.950000,100
2022-08-01 13:30:02.058222080,412392,ASK_UPDATE,SPY,409.070000,100,409.060000,100,409.030000,100,409.280000,500,409.720000,50,409.920000,100
2022-08-01 13:30:02.059047936,412396,ASK_UPDATE,SPY,409.070000,100,409.060000,100,409.030000,100,409.280000,1000,409.720000,50,409.920000,100
2022-08-01 13:30:02.059058944,412415,ASK_UPDATE,SPY,409.070000,100,409.060000,100,409.030000,100,409.280000,500,409.720000,50,409.920000,100
2022-08-01 13:30:02.059058944,412416,ASK_UPDATE,SPY,409.070000,100,409.060000,100,409.030000,100,409.720000,50,409.920000,100,409.950000,100
2022-08-01 13:30:02.060631040,412486,ASK_UPDATE,SPY,409.070000,100,409.060000,100,409.030000,100,409.270000,200,409.720000,50,409.920000,100
2022-08-01 13:30:02.061150976,412584,ASK_UPDATE,SPY,409.070000,100,409.060000,100,409.030000,100,409.720000,50,409.920000,100,409.950000,100
2022-08-01 13:30:02.069625088,412920,ASK_UPDATE,SPY,409.070000,100,409.060000,100,409.030000,100,409.270000,500,409.720000,50,409.920000,100
2022-08-01 13:30:02.077169920,413322,BID_UPDATE,SPY,409.070000,100,409.030000,100,408.990000,100,409.270000,500,409.720000,50,409.920000,100
2022-08-01 13:30:02.077903104,413373,BID_UPDATE,SPY,409.070000,100,409.030000,100,408.990000,100,409.270000,500,409.720000,50,409.920000,100
2022-08-01 13:30:02.078923008,413420,ASK_UPDATE,SPY,409.070000,100,409.030000,100,408.990000,100,409.720000,50,409.920000,100,409.950000,100
2022-08-01 13:30:02.081274112,413538,ASK_UPDATE,SPY,409.070000,100,409.030000,100,408.990000,100,409.280000,500,409.720000,50,409.920000,100
2022-08-01 13:30:02.085776896,413727,ASK_UPDATE,SPY,409.070000,100,409.030000,100,408.990000,100,409.280000,1000,409.720000,50,409.920000,100
2022-08-01 13:30:02.085963008,413729,ASK_UPDATE,SPY,409.070000,100,409.030000,100,408.990000,100,409.280000,500,409.720000,50,409.920000,100
2022-08-01 13:30:02.085965056,413731,ASK_UPDATE,SPY,409.070000,100,409.030000,100,408.990000,100,409.720000,50,409.920000,100,409.950000,100
2022-08-01 13:30:02.086725120,413751,ASK_UPDATE,SPY,409.070000,100,409.030000,100,408.990000,100,409.280000,500,409.720000,50,409.920000,100
2022-08-01 13:30:02.088022016,413791,BID_UPDATE,SPY,409.220000,500,409.070000,100,409.030000,100,409.280000,500,409.720000,50,409.920000,100
2022-08-01 13:30:02.088025088,413794,BID_UPDATE,SPY,409.220000,1000,409.070000,100,409.030000,100,409.280000,500,409.720000,50,409.920000,100
2022-08-01 13:30:02.088026112,413796,ASK_UPDATE,SPY,409.220000,1000,409.070000,100,409.030000,100,409.720000,50,409.920000,100,409.950000,100
2022-08-01 13:30:02.094760960,413988,BID_UPDATE,SPY,409.220000,1500,409.070000,100,409.030000,100,409.720000,50,409.920000,100,409.950000,100
2022-08-01 13:30:02.098371072,414096,BID_UPDATE,SPY,409.230000,500,409.220000,1500,409.070000,100,409.720000,50,409.920000,100,409.950000,100
2022-08-01 13:30:02.098372096,414098,BID_UPDATE,SPY,409.230000,1000,409.220000,1500,409.070000,100,409.720000,50,409.920000,100,409.950000,100
2022-08-01 13:30:02.099113984,414112,ASK_UPDATE,SPY,409.230000,1000,409.220000,1500,409.070000,100,409.720000,50,409.890000,100,409.920000,100
2022-08-01 13:30:02.105200128,414267,ASK_UPDATE,SPY,409.230000,1000,409.220000,1500,409.070000,100,409.280000,500,409.720000,50,409.890000,100
2022-08-01 13:30:02.105201920,414269,BID_UPDATE,SPY,409.230000,500,409.220000,1500,409.070000,100,409.280000,500,409.720000,50,409.890000,100
2022-08-01 13:30:02.105207040,414277,BID_UPDATE,SPY,409.220000,1500,409.070000,100,409.030000,100,409.280000,500,409.720000,50,409.890000,100
2022-08-01 13:30:02.105208064,414278,ASK_UPDATE,SPY,409.220000,1500,409.070000,100,409.030000,100,409.280000,500,409.290000,500,409.720000,50
2022-08-01 13:30:02.105209088,414280,ASK_UPDATE,SPY,409.220000,1500,409.070000,100,409.030000,100,409.280000,500,409.290000,1000,409.720000,50
2022-08-01 13:30:02.105210112,414282,BID_UPDATE,SPY,409.220000,1000,409.070000,100,409.030000,100,409.280000,500,409.290000,1000,409.720000,50
2022-08-01 13:30:02.105222912,414299,ASK_UPDATE,SPY,409.220000,1000,409.070000,100,409.030000,100,409.290000,1500,409.720000,50,409.890000,100
2022-08-01 13:30:02.105673984,414306,ASK_UPDATE,SPY,409.220000,1000,409.070000,100,409.030000,100,409.290000,1000,409.720000,50,409.890000,100
2022-08-01 13:30:02.105679872,414310,BID_UPDATE,SPY,409.220000,1500,409.070000,100,409.030000,100,409.290000,1000,409.720000,50,409.890000,100
2022-08-01 13:30:02.105682944,414316,ASK_UPDATE,SPY,409.220000,1500,409.070000,100,409.030000,100,409.290000,500,409.720000,50,409.890000,100
2022-08-01 13:30:02.105971968,414318,ASK_UPDATE,SPY,409.220000,1500,409.070000,100,409.030000,100,409.720000,50,409.890000,100,409.920000,100
2022-08-01 13:30:02.106467072,414333,BID_UPDATE,SPY,409.230000,200,409.220000,1500,409.070000,100,409.720000,50,409.890000,100,409.920000,100
2022-08-01 13:30:02.106985984,414348,BID_UPDATE,SPY,409.230000,700,409.220000,1500,409.070000,100,409.720000,50,409.890000,100,409.920000,100
2022-08-01 13:30:02.107749120,414359,BID_UPDATE,SPY,409.230000,1200,409.220000,1500,409.070000,100,409.720000,50,409.890000,100,409.920000,100
2022-08-01 13:30:02.110669056,414464,BID_UPDATE,SPY,409.230000,1000,409.220000,1500,409.070000,100,409.720000,50,409.890000,100,409.920000,100
2022-08-01 13:30:02.122592000,414742,BID_UPDATE,SPY,409.230000,1000,409.220000,1000,409.070000,100,409.720000,50,409.890000,100,409.920000,100
2022-08-01 13:30:02.122593024,414743,BID_UPDATE,SPY,409.240000,500,409.230000,1000,409.220000,1000,409.720000,50,409.890000,100,409.920000,100
2022-08-01 13:30:02.122595072,414745,ASK_UPDATE,SPY,409.240000,500,409.230000,1000,409.220000,1000,409.290000,200,409.720000,50,409.890000,100
2022-08-01 13:30:02.122597120,414746,ASK_UPDATE,SPY,409.240000,500,409.230000,1000,409.220000,1000,409.720000,50,409.890000,100,409.920000,100
2022-08-01 13:30:02.127171072,414820,BID_UPDATE,SPY,409.240000,500,409.230000,1000,409.220000,500,409.720000,50,409.890000,100,409.920000,100
2022-08-01 13:30:02.129836032,414881,BID_UPDATE,SPY,409.240000,1000,409.230000,1000,409.220000,500,409.720000,50,409.890000,100,409.920000,100
2022-08-01 13:30:02.132389120,414947,BID_UPDATE,SPY,409.240000,1000,409.230000,1000,409.220000,500,409.720000,50,409.890000,100,409.920000,100
2022-08-01 13:30:02.137195008,415042,BID_UPDATE,SPY,409.230000,2000,409.220000,500,409.030000,100,409.720000,50,409.890000,100,409.920000,100
2022-08-01 13:30:02.137282048,415043,BID_UPDATE,SPY,409.230000,2000,409.030000,100,408.990000,100,409.720000,50,409.890000,100,409.920000,100
2022-08-01 13:30:02.140827904,415109,BID_UPDATE,SPY,409.240000,500,409.230000,2000,409.030000,100,409.720000,50,409.890000,100,409.920000,100
2022-08-01 13:30:02.140973056,415110,BID_UPDATE,SPY,409.240000,1000,409.230000,2000,409.030000,100,409.720000,50,409.890000,100,409.920000,100
2022-08-01 13:30:02.155948032,415463,BID_UPDATE,SPY,409.240000,1200,409.230000,2000,409.030000,100,409.720000,50,409.890000,100,409.920000,100
2022-08-01 13:30:02.156377088,415476,BID_UPDATE,SPY,409.240000,1200,409.230000,1500,409.030000,100,409.720000,50,409.890000,100,409.920000,100
2022-08-01 13:30:02.156531968,415479,BID_UPDATE,SPY,409.240000,1200,409.230000,1000,409.030000,100,409.720000,50,409.890000,100,409.920000,100
2022-08-01 13:30:02.156532992,415480,BID_UPDATE,SPY,409.240000,700,409.230000,1000,409.030000,100,409.720000,50,409.890000,100,409.920000,100
2022-08-01 13:30:02.159193088,415555,BID_UPDATE,SPY,409.240000,200,409.230000,1000,409.030000,100,409.720000,50,409.890000,100,409.920000,100
2022-08-01 13:30:02.159194112,415556,BID_UPDATE,SPY,409.240000,200,409.230000,500,409.030000,100,409.720000,50,409.890000,100,409.920000,100
2022-08-01 13:30:02.159194880,415559,BID_UPDATE,SPY,409.240000,200,409.030000,100,408.990000,100,409.720000,50,409.890000,100,409.920000,100
2022-08-01 13:30:02.159196928,415561,BID_UPDATE,SPY,409.030000,100,408.990000,100,408.960000,100,409.720000,50,409.890000,100,409.920000,100
2022-08-01 13:30:02.159977984,415591,BID_UPDATE,SPY,409.040000,100,409.030000,100,408.990000,100,409.720000,50,409.890000,100,409.920000,100
2022-08-01 13:30:02.163099904,415678,ASK_UPDATE,SPY,409.040000,100,409.030000,100,408.990000,100,409.300000,500,409.720000,50,409.890000,100
2022-08-01 13:30:02.163101952,415679,ASK_UPDATE,SPY,409.040000,100,409.030000,100,408.990000,100,409.300000,1000,409.720000,50,409.890000,100
2022-08-01 13:30:02.163138048,415683,ASK_UPDATE,SPY,409.040000,100,409.030000,100,408.990000,100,409.300000,1200,409.720000,50,409.890000,100
2022-08-01 13:30:02.163240960,415684,ASK_UPDATE,SPY,409.040000,100,409.030000,100,408.990000,100,409.300000,1000,409.720000,50,409.890000,100
2022-08-01 13:30:02.163570944,415692,ASK_UPDATE,SPY,409.040000,100,409.030000,100,408.990000,100,409.300000,500,409.720000,50,409.890000,100
2022-08-01 13:30:02.163572992,415695,ASK_UPDATE,SPY,409.040000,100,409.030000,100,408.990000,100,409.720000,50,409.890000,100,409.920000,100
2022-08-01 13:30:02.163804928,415701,ASK_UPDATE,SPY,409.040000,100,409.030000,100,408.990000,100,409.290000,200,409.720000,50,409.890000,100
2022-08-01 13:30:02.164082944,415706,ASK_UPDATE,SPY,409.040000,100,409.030000,100,408.990000,100,409.720000,50,409.890000,100,409.920000,100
2022-08-01 13:30:02.167015936,415787,BID_UPDATE,SPY,409.230000,500,409.040000,100,409.030000,100,409.720000,50,409.890000,100,409.920000,100
2022-08-01 13:30:02.167072000,415790,BID_UPDATE,SPY,409.230000,1000,409.040000,100,409.030000,100,409.720000,50,409.890000,100,409.920000,100
2022-08-01 13:30:02.169879040,415847,ASK_UPDATE,SPY,409.230000,1000,409.040000,100,409.030000,100,409.290000,200,409.720000,50,409.890000,100
2022-08-01 13:30:02.170336000,415860,ASK_UPDATE,SPY,409.230000,1000,409.040000,100,409.030000,100,409.720000,50,409.890000,100,409.920000,100
2022-08-01 13:30:02.182784000,416140,ASK_UPDATE,SPY,409.230000,1000,409.040000,100,409.030000,100,409.290000,200,409.720000,50,409.890000,100
2022-08-01 13:30:02.189872128,416332,ASK_UPDATE,SPY,409.230000,1000,409.040000,100,409.030000,100,409.300000,200,409.720000,50,409.890000,100
2022-08-01 13:30:02.190206976,416343,BID_UPDATE,SPY,409.230000,500,409.040000,100,409.030000,100,409.300000,200,409.720000,50,409.890000,100
2022-08-01 13:30:02.190209024,416344,BID_UPDATE,SPY,409.040000,100,409.030000,100,408.990000,100,409.300000,200,409.720000,50,409.890000,100
2022-08-01 13:30:02.190441984,416351,ASK_UPDATE,SPY,409.040000,100,409.030000,100,408.990000,100,409.720000,50,409.890000,100,409.920000,100
2022-08-01 13:30:02.208043008,416973,BID_UPDATE,SPY,409.230000,500,409.040000,100,409.030000,100,409.720000,50,409.890000,100,409.920000,100
2022-08-01 13:30:02.208044032,416974,BID_UPDATE,SPY,409.230000,1000,409.040000,100,409.030000,100,409.720000,50,409.890000,100,409.920000,100
2022-08-01 13:30:02.211427072,417189,BID_UPDATE,SPY,409.240000,500,409.230000,1000,409.040000,100,409.720000,50,409.890000,100,409.920000,100
2022-08-01 13:30:02.213082112,417254,BID_UPDATE,SPY,409.230000,1000,409.040000,100,409.030000,100,409.720000,50,409.890000,100,409.920000,100
2022-08-01 13:30:02.220296960,417525,BID_UPDATE,SPY,409.230000,500,409.040000,100,409.030000,100,409.720000,50,409.890000,100,409.920000,100
2022-08-01 13:30:02.220357888,417532,BID_UPDATE,SPY,409.040000,100,409.030000,100,408.990000,100,409.720000,50,409.890000,100,409.920000,100
2022-08-01 13:30:02.221063936,417534,ASK_UPDATE,SPY,409.040000,100,409.030000,100,408.990000,100,409.280000,200,409.720000,50,409.890000,100
2022-08-01 13:30:02.230765056,417806,ASK_UPDATE,SPY,409.040000,100,409.030000,100,408.990000,100,409.720000,50,409.890000,100,409.920000,100
2022-08-01 13:30:02.238408960,417939,BID_UPDATE,SPY,409.230000,200,409.040000,100,409.030000,100,409.720000,50,409.890000,100,409.920000,100
2022-08-01 13:30:02.247510016,418162,BID_UPDATE,SPY,409.040000,100,409.030000,100,408.990000,100,409.720000,50,409.890000,100,409.920000,100
2022-08-01 13:30:02.250472960,418217,BID_UPDATE,SPY,409.040000,100,408.990000,100,408.960000,100,409.720000,50,409.890000,100,409.920000,100
2022-08-01 13:30:02.251471872,418234,BID_UPDATE,SPY,409.040000,100,408.990000,100,408.960000,100,409.720000,50,409.890000,100,409.920000,100
2022-08-01 13:30:02.284500992,418909,ASK_UPDATE,SPY,409.040000,100,408.990000,100,408.960000,100,409.300000,200,409.720000,50,409.890000,100
2022-08-01 13:30:02.286398976,418932,ASK_UPDATE,SPY,409.040000,100,408.990000,100,408.960000,100,409.290000,500,409.300000,200,409.720000,50
2022-08-01 13:30:02.286529024,418934,ASK_UPDATE,SPY,409.040000,100,408.990000,100,408.960000,100,409.300000,200,409.720000,50,409.890000,100
2022-08-01 13:30:02.286868992,418939,ASK_UPDATE,SPY,409.040000,100,408.990000,100,408.960000,100,409.720000,50,409.890000,100,409.920000,100
2022-08-01 13:30:02.288068096,418978,ASK_UPDATE,SPY,409.040000,100,408.990000,100,408.960000,100,409.300000,500,409.720000,50,409.890000,100
2022-08-01 13:30:02.288272896,418985,ASK_UPDATE,SPY,409.040000,100,408.990000,100,408.960000,100,409.720000,50,409.890000,100,409.920000,100
2022-08-01 13:30:02.288753920,419001,ASK_UPDATE,SPY,409.040000,100,408.990000,100,408.960000,100,409.300000,500,409.720000,50,409.890000,100
2022-08-01 13:30:02.289554944,419020,ASK_UPDATE,SPY,409.040000,100,408.990000,100,408.960000,100,409.300000,700,409.720000,50,409.890000,100
2022-08-01 13:30:02.294849024,419127,ASK_UPDATE,SPY,409.040000,100,408.990000,100,408.960000,100,409.300000,200,409.720000,50,409.890000,100
2022-08-01 13:30:02.294886912,419128,ASK_UPDATE,SPY,409.040000,100,408.990000,100,408.960000,100,409.720000,50,409.890000,100,409.920000,100
2022-08-01 13:30:02.302968064,419269,ASK_UPDATE,SPY,409.040000,100,408.990000,100,408.960000,100,409.290000,100,409.720000,50,409.890000,100
2022-08-01 13:30:02.303078912,419274,ASK_UPDATE,SPY,409.040000,100,408.990000,100,408.960000,100,409.290000,300,409.720000,50,409.890000,100
2022-08-01 13:30:02.303449088,419282,ASK_UPDATE,SPY,409.040000,100,408.990000,100,408.960000,100,409.290000,200,409.720000,50,409.890000,100
2022-08-01 13:30:02.305091072,419302,ASK_UPDATE,SPY,409.040000,100,408.990000,100,408.960000,100,409.720000,50,409.890000,100,409.920000,100
2022-08-01 13:30:02.337627904,419960,BID_UPDATE,SPY,409.230000,500,409.040000,100,408.990000,100,409.720000,50,409.890000,100,409.920000,100
2022-08-01 13:30:02.337774080,419961,BID_UPDATE,SPY,409.040000,100,408.990000,100,408.960000,100,409.720000,50,409.890000,100,409.920000,100
2022-08-01 13:30:02.338626048,419977,BID_UPDATE,SPY,408.990000,100,408.960000,100,408.930000,100,409.720000,50,409.890000,100,409.920000,100
2022-08-01 13:30:02.338697984,419978,BID_UPDATE,SPY,409.050000,100,408.990000,100,408.960000,100,409.720000,50,409.890000,100,409.920000,100
2022-08-01 13:30:02.351311104,420220,ASK_UPDATE,SPY,409.050000,100,408.990000,100,408.960000,100,409.720000,50,409.860000,100,409.890000,100
2022-08-01 13:30:02.351311872,420221,ASK_UPDATE,SPY,409.050000,100,408.990000,100,408.960000,100,409.720000,50,409.860000,100,409.890000,100
2022-08-01 13:30:02.365327872,420485,BID_UPDATE,SPY,409.230000,500,409.050000,100,408.990000,100,409.720000,50,409.860000,100,409.890000,100
2022-08-01 13:30:02.365468928,420487,BID_UPDATE,SPY,409.050000,100,408.990000,100,408.960000,100,409.720000,50,409.860000,100,409.890000,100
2022-08-01 13:30:02.369786880,420565,ASK_UPDATE,SPY,409.050000,100,408.990000,100,408.960000,100,409.300000,500,409.720000,50,409.860000,100
2022-08-01 13:30:02.381345024,420705,ASK_UPDATE,SPY,409.050000,100,408.990000,100,408.960000,100,409.290000,200,409.300000,500,409.720000,50
2022-08-01 13:30:02.381349888,420711,ASK_UPDATE,SPY,409.050000,100,408.990000,100,408.960000,100,409.290000,200,409.720000,50,409.860000,100
2022-08-01 13:30:02.396370944,421021,ASK_UPDATE,SPY,409.050000,100,408.990000,100,408.960000,100,409.720000,50,409.860000,100,409.890000,100
2022-08-01 13:30:02.409125888,421513,BID_UPDATE,SPY,409.240000,500,409.050000,100,408.990000,100,409.720000,50,409.860000,100,409.890000,100
2022-08-01 13:30:02.429489920,422091,ASK_UPDATE,SPY,409.240000,500,409.050000,100,408.990000,100,409.300000,100,409.720000,50,409.860000,100
2022-08-01 13:30:02.429649920,422094,BID_UPDATE,SPY,409.050000,100,408.990000,100,408.960000,100,409.300000,100,409.720000,50,409.860000,100
2022-08-01 13:30:02.429652992,422096,ASK_UPDATE,SPY,409.050000,100,408.990000,100,408.960000,100,409.720000,50,409.860000,100,409.890000,100
2022-08-01 13:30:02.439548928,422307,ASK_UPDATE,SPY,409.050000,100,408.990000,100,408.960000,100,409.300000,500,409.720000,50,409.860000,100
2022-08-01 13:30:02.442819072,422380,ASK_UPDATE,SPY,409.050000,100,408.990000,100,408.960000,100,409.720000,50,409.860000,100,409.890000,100
2022-08-01 13:30:02.445260032,422418,BID_UPDATE,SPY,409.240000,500,409.050000,100,408.990000,100,409.720000,50,409.860000,100,409.890000,100
2022-08-01 13:30:02.445457920,422419,ASK_UPDATE,SPY,409.240000,500,409.050000,100,408.990000,100,409.300000,200,409.720000,50,409.860000,100
2022-08-01 13:30:02.446243072,422438,BID_UPDATE,SPY,409.240000,500,408.990000,100,408.960000,100,409.300000,200,409.720000,50,409.860000,100
2022-08-01 13:30:02.455003904,422639,BID_UPDATE,SPY,408.990000,100,408.960000,100,408.930000,100,409.300000,200,409.720000,50,409.860000,100
2022-08-01 13:30:02.455292928,422647,ASK_UPDATE,SPY,408.990000,100,408.960000,100,408.930000,100,409.720000,50,409.860000,100,409.890000,100
2022-08-01 13:30:02.457054976,422698,BID_UPDATE,SPY,409.000000,100,408.990000,100,408.960000,100,409.720000,50,409.860000,100,409.890000,100
2022-08-01 13:30:02.462251008,422792,ASK_UPDATE,SPY,409.000000,100,408.990000,100,408.960000,100,409.290000,200,409.720000,50,409.860000,100
2022-08-01 13:30:02.462413056,422794,ASK_UPDATE,SPY,409.000000,100,408.990000,100,408.960000,100,409.720000,50,409.860000,100,409.890000,100
2022-08-01 13:30:02.462414080,422795,ASK_UPDATE,SPY,409.000000,100,408.990000,100,408.960000,100,409.300000,200,409.720000,50,409.860000,100
2022-08-01 13:30:02.463124992,422823,ASK_UPDATE,SPY,409.000000,100,408.990000,100,408.960000,100,409.720000,50,409.860000,100,409.890000,100
2022-08-01 13:30:02.464666880,422848,ASK_UPDATE,SPY,409.000000,100,408.990000,100,408.960000,100,409.290000,500,409.720000,50,409.860000,100
2022-08-01 13:30:02.464826880,422858,ASK_UPDATE,SPY,409.000000,100,408.990000,100,408.960000,100,409.720000,50,409.860000,100,409.890000,100
2022-08-01 13:30:02.478214912,423218,ASK_UPDATE,SPY,409.000000,100,408.990000,100,408.960000,100,409.300000,200,409.720000,50,409.860000,100
2022-08-01 13:30:02.479826944,423260,ASK_UPDATE,SPY,409.000000,100,408.990000,100,408.960000,100,409.300000,700,409.720000,50,409.860000,100
2022-08-01 13:30:02.480156928,423262,ASK_UPDATE,SPY,409.000000,100,408.990000,100,408.960000,100,409.300000,500,409.720000,50,409.860000,100
2022-08-01 13:30:02.488183040,423413,ASK_UPDATE,SPY,409.000000,100,408.990000,100,408.960000,100,409.280000,10,409.300000,500,409.720000,50
2022-08-01 13:30:02.489816064,423435,ASK_UPDATE,SPY,409.000000,100,408.990000,100,408.960000,100,409.280000,10,409.300000,700,409.720000,50
2022-08-01 13:30:02.511252992,423907,ASK_UPDATE,SPY,409.000000,100,408.990000,100,408.960000,100,409.280000,10,409.300000,200,409.720000,50
2022-08-01 13:30:02.511254016,423909,ASK_UPDATE,SPY,409.000000,100,408.990000,100,408.960000,100,409.280000,10,409.720000,50,409.860000,100
2022-08-01 13:30:02.528894976,424250,ASK_UPDATE,SPY,409.000000,100,408.990000,100,408.960000,100,409.280000,10,409.720000,50,409.830000,100
2022-08-01 13:30:02.529038080,424251,ASK_UPDATE,SPY,409.000000,100,408.990000,100,408.960000,100,409.280000,10,409.720000,50,409.830000,100
2022-08-01 13:30:02.529455104,424264,BID_UPDATE,SPY,409.260000,200,409.000000,100,408.990000,100,409.280000,10,409.720000,50,409.830000,100
2022-08-01 13:30:02.530629120,424284,BID_UPDATE,SPY,409.000000,100,408.990000,100,408.960000,100,409.280000,10,409.720000,50,409.830000,100
2022-08-01 13:30:02.560058880,425232,ASK_UPDATE,SPY,409.000000,100,408.990000,100,408.960000,100,409.280000,10,409.300000,100,409.720000,50
2022-08-01 13:30:02.560207104,425235,ASK_UPDATE,SPY,409.000000,100,408.990000,100,408.960000,100,409.300000,100,409.720000,50,409.830000,100
2022-08-01 13:30:02.560207872,425236,ASK_UPDATE,SPY,409.000000,100,408.990000,100,408.960000,100,409.720000,50,409.830000,100,409.860000,100
2022-08-01 13:30:02.560475904,425240,ASK_UPDATE,SPY,409.000000,100,408.990000,100,408.960000,100,409.300000,500,409.720000,50,409.830000,100
2022-08-01 13:30:02.560578048,425241,ASK_UPDATE,SPY,409.000000,100,408.990000,100,408.960000,100,409.300000,700,409.720000,50,409.830000,100
2022-08-01 13:30:02.560580096,425242,ASK_UPDATE,SPY,409.000000,100,408.990000,100,408.960000,100,409.300000,500,409.720000,50,409.830000,100
2022-08-01 13:30:02.560801024,425248,ASK_UPDATE,SPY,409.000000,100,408.990000,100,408.960000,100,409.720000,50,409.830000,100,409.860000,100
2022-08-01 13:30:02.577860096,425632,ASK_UPDATE,SPY,409.000000,100,408.990000,100,408.960000,100,409.300000,200,409.720000,50,409.830000,100
2022-08-01 13:30:02.588960000,425849,ASK_UPDATE,SPY,409.000000,100,408.990000,100,408.960000,100,409.300000,700,409.720000,50,409.830000,100
2022-08-01 13:30:02.603872000,426182,ASK_UPDATE,SPY,409.000000,100,408.990000,100,408.960000,100,409.300000,500,409.720000,50,409.830000,100
2022-08-01 13:30:02.604684032,426209,BID_UPDATE,SPY,409.000000,100,408.960000,100,408.930000,100,409.300000,500,409.720000,50,409.830000,100
2022-08-01 13:30:02.605735936,426236,BID_UPDATE,SPY,409.000000,100,408.960000,100,408.930000,100,409.300000,500,409.720000,50,409.830000,100
2022-08-01 13:30:02.616390912,426438,ASK_UPDATE,SPY,409.000000,100,408.960000,100,408.930000,100,409.720000,50,409.830000,100,409.860000,100
2022-08-01 13:30:02.639272960,426919,ASK_UPDATE,SPY,409.000000,100,408.960000,100,408.930000,100,409.280000,500,409.720000,50,409.830000,100
2022-08-01 13:30:02.639992064,426943,ASK_UPDATE,SPY,409.000000,100,408.960000,100,408.930000,100,409.280000,700,409.720000,50,409.830000,100
2022-08-01 13:30:02.639997952,426950,ASK_UPDATE,SPY,409.000000,100,408.960000,100,408.930000,100,409.280000,500,409.720000,50,409.830000,100
2022-08-01 13:30:02.640270080,426966,ASK_UPDATE,SPY,409.000000,100,408.960000,100,408.930000,100,409.270000,200,409.280000,500,409.720000,50
2022-08-01 13:30:02.640270080,426967,ASK_UPDATE,SPY,409.000000,100,408.960000,100,408.930000,100,409.280000,500,409.720000,50,409.830000,100
2022-08-01 13:30:02.641016064,426982,ASK_UPDATE,SPY,409.000000,100,408.960000,100,408.930000,100,409.260000,500,409.280000,500,409.720000,50
2022-08-01 13:30:02.642653952,427034,ASK_UPDATE,SPY,409.000000,100,408.960000,100,408.930000,100,409.260000,500,409.720000,50,409.830000,100
2022-08-01 13:30:02.655962112,427323,BID_UPDATE,SPY,409.210000,200,409.000000,100,408.960000,100,409.260000,500,409.720000,50,409.830000,100
2022-08-01 13:30:02.656986880,427352,BID_UPDATE,SPY,409.210000,200,408.960000,100,408.930000,100,409.260000,500,409.720000,50,409.830000,100
2022-08-01 13:30:02.660495104,427414,ASK_UPDATE,SPY,409.210000,200,408.960000,100,408.930000,100,409.260000,600,409.720000,50,409.830000,100
2022-08-01 13:30:02.689003008,428171,ASK_UPDATE,SPY,409.210000,200,408.960000,100,408.930000,100,409.260000,600,409.720000,50,409.800000,100
2022-08-01 13:30:02.705476096,428732,BID_UPDATE,SPY,409.210000,200,408.930000,100,408.900000,100,409.260000,600,409.720000,50,409.800000,100
2022-08-01 13:30:02.705806080,428741,ASK_UPDATE,SPY,409.210000,200,408.930000,100,408.900000,100,409.260000,100,409.720000,50,409.800000,100
2022-08-01 13:30:02.705885952,428743,BID_UPDATE,SPY,408.930000,100,408.900000,100,385.000000,2595,409.260000,100,409.720000,50,409.800000,100
2022-08-01 13:30:02.706007040,428745,ASK_UPDATE,SPY,408.930000,100,408.900000,100,385.000000,2595,409.720000,50,409.800000,100,409.830000,100
2022-08-01 13:30:02.706662912,428756,BID_UPDATE,SPY,408.930000,100,408.900000,100,408.870000,100,409.720000,50,409.800000,100,409.830000,100
2022-08-01 13:30:02.707021056,428762,BID_UPDATE,SPY,408.940000,100,408.930000,100,408.900000,100,409.720000,50,409.800000,100,409.830000,100
2022-08-01 13:30:02.740915968,429469,BID_UPDATE,SPY,409.220000,200,408.940000,100,408.930000,100,409.720000,50,409.800000,100,409.830000,100
2022-08-01 13:30:02.758060032,429736,ASK_UPDATE,SPY,409.220000,200,408.940000,100,408.930000,100,409.270000,200,409.720000,50,409.800000,100
2022-08-01 13:30:02.758475008,429750,BID_UPDATE,SPY,408.940000,100,408.930000,100,408.900000,100,409.270000,200,409.720000,50,409.800000,100
2022-08-01 13:30:02.759375104,429771,ASK_UPDATE,SPY,408.940000,100,408.930000,100,408.900000,100,409.270000,300,409.720000,50,409.800000,100
2022-08-01 13:30:02.762226944,429795,ASK_UPDATE,SPY,408.940000,100,408.930000,100,408.900000,100,409.270000,100,409.720000,50,409.800000,100
2022-08-01 13:30:02.770349056,429968,ASK_UPDATE,SPY,408.940000,100,408.930000,100,408.900000,100,409.720000,50,409.800000,100,409.830000,100
2022-08-01 13:30:02.784349952,430143,BID_UPDATE,SPY,409.220000,200,408.940000,100,408.930000,100,409.720000,50,409.800000,100,409.830000,100
2022-08-01 13:30:02.784971008,430154,BID_UPDATE,SPY,408.940000,100,408.930000,100,408.900000,100,409.720000,50,409.800000,100,409.830000,100
2022-08-01 13:30:02.790633984,430271,BID_UPDATE,SPY,409.210000,200,408.940000,100,408.930000,100,409.720000,50,409.800000,100,409.830000,100
2022-08-01 13:30:02.790921984,430274,BID_UPDATE,SPY,408.940000,100,408.930000,100,408.900000,100,409.720000,50,409.800000,100,409.830000,100
2022-08-01 13:30:02.796231936,430418,BID_UPDATE,SPY,409.210000,200,408.940000,100,408.930000,100,409.720000,50,409.800000,100,409.830000,100
2022-08-01 13:30:02.802600960,430557,BID_UPDATE,SPY,409.210000,300,408.940000,100,408.930000,100,409.720000,50,409.800000,100,409.830000,100
2022-08-01 13:30:02.810893056,430704,BID_UPDATE,SPY,409.210000,300,408.930000,100,408.900000,100,409.720000,50,409.800000,100,409.830000,100
2022-08-01 13:30:02.813946112,430741,BID_UPDATE,SPY,409.210000,100,408.930000,100,408.900000,100,409.720000,50,409.800000,100,409.830000,100
2022-08-01 13:30:02.814021120,430743,BID_UPDATE,SPY,409.220000,200,409.210000,100,408.930000,100,409.720000,50,409.800000,100,409.830000,100
2022-08-01 13:30:02.814045952,430744,BID_UPDATE,SPY,409.210000,100,408.930000,100,408.900000,100,409.720000,50,409.800000,100,409.830000,100
2022-08-01 13:30:02.869861888,431583,BID_UPDATE,SPY,408.930000,100,408.900000,100,408.870000,100,409.720000,50,409.800000,100,409.830000,100
2022-08-01 13:30:02.870802944,431596,BID_UPDATE,SPY,408.940000,100,408.930000,100,408.900000,100,409.720000,50,409.800000,100,409.830000,100
2022-08-01 13:30:02.883312896,431802,BID_UPDATE,SPY,409.210000,200,408.940000,100,408.930000,100,409.720000,50,409.800000,100,409.830000,100
2022-08-01 13:30:02.884008960,431813,BID_UPDATE,SPY,409.210000,300,408.940000,100,408.930000,100,409.720000,50,409.800000,100,409.830000,100
2022-08-01 13:30:02.896625920,431973,BID_UPDATE,SPY,409.210000,100,408.940000,100,408.930000,100,409.720000,50,409.800000,100,409.830000,100
2022-08-01 13:30:02.896626944,431974,BID_UPDATE,SPY,409.220000,200,409.210000,100,408.940000,100,409.720000,50,409.800000,100,409.830000,100
2022-08-01 13:30:02.896627968,431975,BID_UPDATE,SPY,409.210000,100,408.940000,100,408.930000,100,409.720000,50,409.800000,100,409.830000,100
2022-08-01 13:30:02.897049088,431982,ASK_UPDATE,SPY,409.210000,100,408.940000,100,408.930000,100,409.250000,100,409.720000,50,409.800000,100
2022-08-01 13:30:02.897049088,431983,ASK_UPDATE,SPY,409.210000,100,408.940000,100,408.930000,100,409.720000,50,409.800000,100,409.830000,100
2022-08-01 13:30:02.897785088,432004,BID_UPDATE,SPY,408.940000,100,408.930000,100,408.900000,100,409.720000,50,409.800000,100,409.830000,100
2022-08-01 13:30:02.897800960,432005,ASK_UPDATE,SPY,408.940000,100,408.930000,100,408.900000,100,409.250000,100,409.720000,50,409.800000,100
2022-08-01 13:30:02.901736960,432072,BID_UPDATE,SPY,409.220000,200,408.940000,100,408.930000,100,409.250000,100,409.720000,50,409.800000,100
2022-08-01 13:30:02.902566912,432083,BID_UPDATE,SPY,409.220000,300,408.940000,100,408.930000,100,409.250000,100,409.720000,50,409.800000,100
2022-08-01 13:30:02.918872064,432233,ASK_UPDATE,SPY,409.220000,300,408.940000,100,408.930000,100,409.720000,50,409.800000,100,409.830000,100
2022-08-01 13:30:02.922066944,432284,BID_UPDATE,SPY,409.230000,100,409.220000,300,408.940000,100,409.720000,50,409.800000,100,409.830000,100
2022-08-01 13:30:02.922362880,432287,BID_UPDATE,SPY,409.230000,100,409.220000,100,408.940000,100,409.720000,50,409.800000,100,409.830000,100
2022-08-01 13:30:02.922846976,432291,BID_UPDATE,SPY,409.230000,100,408.940000,100,408.930000,100,409.720000,50,409.800000,100,409.830000,100
2022-08-01 13:30:02.924744960,432316,BID_UPDATE,SPY,408.940000,100,408.930000,100,408.900000,100,409.720000,50,409.800000,100,409.830000,100
2022-08-01 13:30:02.925718016,432330,BID_UPDATE,SPY,409.220000,200,408.940000,100,408.930000,100,409.720000,50,409.800000,100,409.830000,100
2022-08-01 13:30:02.931365888,432400,BID_UPDATE,SPY,409.240000,61,409.220000,200,408.940000,100,409.720000,50,409.800000,100,409.830000,100
2022-08-01 13:30:02.941318912,432517,BID_UPDATE,SPY,409.250000,61,409.220000,200,408.940000,100,409.720000,50,409.800000,100,409.830000,100
2022-08-01 13:30:02.942031872,432521,BID_UPDATE,SPY,409.250000,61,408.940000,100,408.930000,100,409.720000,50,409.800000,100,409.830000,100
2022-08-01 13:30:02.942853888,432531,BID_UPDATE,SPY,409.260000,61,408.940000,100,408.930000,100,409.720000,50,409.800000,100,409.830000,100
2022-08-01 13:30:02.969348096,432927,BID_UPDATE,SPY,409.260000,61,409.220000,500,408.940000,100,409.720000,50,409.800000,100,409.830000,100
2022-08-01 13:30:02.969530880,432939,BID_UPDATE,SPY,409.260000,61,408.940000,100,408.930000,100,409.720000,50,409.800000,100,409.830000,100
2022-08-01 13:30:02.969647104,432944,BID_UPDATE,SPY,409.260000,61,409.230000,200,408.940000,100,409.720000,50,409.800000,100,409.830000,100
2022-08-01 13:30:02.969724928,432946,BID_UPDATE,SPY,409.260000,61,408.940000,100,408.930000,100,409.720000,50,409.800000,100,409.830000,100
2022-08-01 13:30:02.972169984,433005,BID_UPDATE,SPY,409.260000,61,408.930000,100,408.900000,100,409.720000,50,409.800000,100,409.830000,100
2022-08-01 13:30:02.972258048,433006,BID_UPDATE,SPY,409.260000,61,409.240000,200,408.930000,100,409.720000,50,409.800000,100,409.830000,100
2022-08-01 13:30:02.972259072,433007,BID_UPDATE,SPY,409.260000,61,409.240000,200,408.950000,100,409.720000,50,409.800000,100,409.830000,100
2022-08-01 13:30:02.972290048,433008,BID_UPDATE,SPY,409.260000,61,408.950000,100,408.930000,100,409.720000,50,409.800000,100,409.830000,100
2022-08-01 13:30:02.976111104,433061,BID_UPDATE,SPY,409.270000,61,408.950000,100,408.930000,100,409.720000,50,409.800000,100,409.830000,100
2022-08-01 13:30:02.976461056,433070,BID_UPDATE,SPY,409.290000,61,408.950000,100,408.930000,100,409.720000,50,409.800000,100,409.830000,100
2022-08-01 13:30:02.977286912,433089,BID_UPDATE,SPY,409.290000,61,409.240000,200,408.950000,100,409.720000,50,409.800000,100,409.830000,100
2022-08-01 13:30:02.983597056,433192,BID_UPDATE,SPY,409.290000,61,408.950000,100,408.930000,100,409.720000,50,409.800000,100,409.830000,100
2022-08-01 13:30:03.002484992,433484,ASK_UPDATE,SPY,409.290000,61,408.950000,100,408.930000,100,409.300000,500,409.720000,50,409.800000,100
2022-08-01 13:30:03.002578944,433487,ASK_UPDATE,SPY,409.290000,61,408.950000,100,408.930000,100,409.300000,1000,409.720000,50,409.800000,100
2022-08-01 13:30:03.004574976,433531,BID_UPDATE,SPY,408.950000,100,408.930000,100,408.900000,100,409.300000,1000,409.720000,50,409.800000,100
2022-08-01 13:30:03.005531904,433563,BID_UPDATE,SPY,409.240000,200,408.950000,100,408.930000,100,409.300000,1000,409.720000,50,409.800000,100
2022-08-01 13:30:03.006440960,433596,BID_UPDATE,SPY,409.240000,300,408.950000,100,408.930000,100,409.300000,1000,409.720000,50,409.800000,100
2022-08-01 13:30:03.011616000,433778,BID_UPDATE,SPY,409.240000,800,408.950000,100,408.930000,100,409.300000,1000,409.720000,50,409.800000,100
2022-08-01 13:30:03.012144128,433793,BID_UPDATE,SPY,409.240000,600,408.950000,100,408.930000,100,409.300000,1000,409.720000,50,409.800000,100
2022-08-01 13:30:03.012439040,433797,BID_UPDATE,SPY,409.240000,800,408.950000,100,408.930000,100,409.300000,1000,409.720000,50,409.800000,100
2022-08-01 13:30:03.012441088,433798,BID_UPDATE,SPY,409.240000,600,408.950000,100,408.930000,100,409.300000,1000,409.720000,50,409.800000,100
2022-08-01 13:30:03.012736000,433817,BID_UPDATE,SPY,409.240000,100,408.950000,100,408.930000,100,409.300000,1000,409.720000,50,409.800000,100
2022-08-01 13:30:03.015173120,433933,ASK_UPDATE,SPY,409.240000,100,408.950000,100,408.930000,100,409.300000,500,409.720000,50,409.800000,100
2022-08-01 13:30:03.021782016,434281,ASK_UPDATE,SPY,409.240000,100,408.950000,100,408.930000,100,409.290000,500,409.300000,500,409.720000,50
2022-08-01 13:30:03.022209024,434301,BID_UPDATE,SPY,409.240000,300,408.950000,100,408.930000,100,409.290000,500,409.300000,500,409.720000,50
2022-08-01 13:30:03.022213120,434304,ASK_UPDATE,SPY,409.240000,300,408.950000,100,408.930000,100,409.290000,500,409.720000,50,409.800000,100
2022-08-01 13:30:03.022213120,434306,BID_UPDATE,SPY,409.240000,100,408.950000,100,408.930000,100,409.290000,500,409.720000,50,409.800000,100
2022-08-01 13:30:03.023332096,434351,ASK_UPDATE,SPY,409.240000,100,408.950000,100,408.930000,100,409.280000,100,409.290000,500,409.720000,50
2022-08-01 13:30:03.024101120,434377,BID_UPDATE,SPY,409.240000,600,408.950000,100,408.930000,100,409.280000,100,409.290000,500,409.720000,50
2022-08-01 13:30:03.024101120,434379,BID_UPDATE,SPY,409.240000,1100,408.950000,100,408.930000,100,409.280000,100,409.290000,500,409.720000,50
2022-08-01 13:30:03.024675072,434402,ASK_UPDATE,SPY,409.240000,1100,408.950000,100,408.930000,100,409.290000,500,409.720000,50,409.800000,100
2022-08-01 13:30:03.028453120,434522,BID_UPDATE,SPY,409.240000,600,408.950000,100,408.930000,100,409.290000,500,409.720000,50,409.800000,100
2022-08-01 13:30:03.028454912,434523,BID_UPDATE,SPY,409.240000,100,408.950000,100,408.930000,100,409.290000,500,409.720000,50,409.800000,100
2022-08-01 13:30:03.029966080,434604,ASK_UPDATE,SPY,409.240000,100,408.950000,100,408.930000,100,409.720000,50,409.800000,100,409.830000,100
2022-08-01 13:30:03.033487104,434769,BID_UPDATE,SPY,408.950000,100,408.930000,100,408.900000,100,409.720000,50,409.800000,100,409.830000,100
2022-08-01 13:30:03.035665920,434862,ASK_UPDATE,SPY,408.950000,100,408.930000,100,408.900000,100,409.280000,500,409.720000,50,409.800000,100
2022-08-01 13:30:03.035676928,434879,ASK_UPDATE,SPY,408.950000,100,408.930000,100,408.900000,100,409.720000,50,409.800000,100,409.830000,100
2022-08-01 13:30:03.035849984,434891,BID_UPDATE,SPY,409.220000,500,408.950000,100,408.930000,100,409.720000,50,409.800000,100,409.830000,100
2022-08-01 13:30:03.036743936,434946,BID_UPDATE,SPY,408.950000,100,408.930000,100,408.900000,100,409.720000,50,409.800000,100,409.830000,100
2022-08-01 13:30:03.038616064,435110,BID_UPDATE,SPY,409.220000,500,408.950000,100,408.930000,100,409.720000,50,409.800000,100,409.830000,100
2022-08-01 13:30:03.038735872,435112,BID_UPDATE,SPY,409.220000,1000,408.950000,100,408.930000,100,409.720000,50,409.800000,100,409.830000,100
2022-08-01 13:30:03.044188928,435394,BID_UPDATE,SPY,409.220000,500,408.950000,100,408.930000,100,409.720000,50,409.800000,100,409.830000,100
2022-08-01 13:30:03.044192000,435398,BID_UPDATE,SPY,408.950000,100,408.930000,100,408.900000,100,409.720000,50,409.800000,100,409.830000,100
2022-08-01 13:30:03.047492096,435538,BID_UPDATE,SPY,409.220000,200,408.950000,100,408.930000,100,409.720000,50,409.800000,100,409.830000,100
2022-08-01 13:30:03.048798976,435603,BID_UPDATE,SPY,408.950000,100,408.930000,100,408.900000,100,409.720000,50,409.800000,100,409.830000,100
2022-08-01 13:30:03.051187968,435775,ASK_UPDATE,SPY,408.950000,100,408.930000,100,408.900000,100,409.270000,500,409.720000,50,409.800000,100
2022-08-01 13:30:03.051190016,435779,ASK_UPDATE,SPY,408.950000,100,408.930000,100,408.900000,100,409.270000,1000,409.720000,50,409.800000,100
2022-08-01 13:30:03.051191040,435782,ASK_UPDATE,SPY,408.950000,100,408.930000,100,408.900000,100,409.270000,500,409.720000,50,409.800000,100
2022-08-01 13:30:03.051193088,435784,ASK_UPDATE,SPY,408.950000,100,408.930000,100,408.900000,100,409.720000,50,409.800000,100,409.830000,100
2022-08-01 13:30:03.051661056,435808,BID_UPDATE,SPY,409.220000,100,408.950000,100,408.930000,100,409.720000,50,409.800000,100,409.830000,100
2022-08-01 13:30:03.055117056,435936,BID_UPDATE,SPY,409.210000,100,408.950000,100,408.930000,100,409.720000,50,409.800000,100,409.830000,100
2022-08-01 13:30:03.065306112,436331,ASK_UPDATE,SPY,409.210000,100,408.950000,100,408.930000,100,409.270000,500,409.720000,50,409.800000,100
2022-08-01 13:30:03.065391104,436332,ASK_UPDATE,SPY,409.210000,100,408.950000,100,408.930000,100,409.270000,1000,409.720000,50,409.800000,100
2022-08-01 13:30:03.065865984,436344,BID_UPDATE,SPY,408.950000,100,408.930000,100,408.900000,100,409.270000,1000,409.720000,50,409.800000,100
2022-08-01 13:30:03.081620992,436845,ASK_UPDATE,SPY,408.950000,100,408.930000,100,408.900000,100,409.270000,500,409.720000,50,409.800000,100
2022-08-01 13:30:03.081648128,436847,ASK_UPDATE,SPY,408.950000,100,408.930000,100,408.900000,100,409.720000,50,409.800000,100,409.830000,100
2022-08-01 13:30:03.082438912,436871,ASK_UPDATE,SPY,408.950000,100,408.930000,100,408.900000,100,409.270000,500,409.720000,50,409.800000,100
2022-08-01 13:30:03.082462976,436872,ASK_UPDATE,SPY,408.950000,100,408.930000,100,408.900000,100,409.720000,50,409.800000,100,409.830000,100
2022-08-01 13:30:03.083592960,436937,BID_UPDATE,SPY,409.220000,500,408.950000,100,408.930000,100,409.720000,50,409.800000,100,409.830000,100
2022-08-01 13:30:03.083595008,436939,BID_UPDATE,SPY,409.220000,1000,408.950000,100,408.930000,100,409.720000,50,409.800000,100,409.830000,100
2022-08-01 13:30:03.083952896,436967,BID_UPDATE,SPY,409.220000,500,408.950000,100,408.930000,100,409.720000,50,409.800000,100,409.830000,100
2022-08-01 13:30:03.083954944,436969,BID_UPDATE,SPY,408.950000,100,408.930000,100,408.900000,100,409.720000,50,409.800000,100,409.830000,100
2022-08-01 13:30:03.084461056,437002,BID_UPDATE,SPY,409.220000,500,408.950000,100,408.930000,100,409.720000,50,409.800000,100,409.830000,100
2022-08-01 13:30:03.084877056,437025,BID_UPDATE,SPY,409.220000,700,408.950000,100,408.930000,100,409.720000,50,409.800000,100,409.830000,100
2022-08-01 13:30:03.085078016,437059,BID_UPDATE,SPY,409.220000,700,408.930000,100,408.900000,100,409.720000,50,409.800000,100,409.830000,100
2022-08-01 13:30:03.085370880,437067,ASK_UPDATE,SPY,409.220000,700,408.930000,100,408.900000,100,409.290000,500,409.720000,50,409.800000,100
2022-08-01 13:30:03.085420032,437068,BID_UPDATE,SPY,409.220000,700,408.960000,100,408.930000,100,409.290000,500,409.720000,50,409.800000,100
2022-08-01 13:30:03.086084096,437083,ASK_UPDATE,SPY,409.220000,700,408.960000,100,408.930000,100,409.290000,1000,409.720000,50,409.800000,100
2022-08-01 13:30:03.087738112,437132,BID_UPDATE,SPY,409.220000,500,408.960000,100,408.930000,100,409.290000,1000,409.720000,50,409.800000,100
2022-08-01 13:30:03.087741952,437136,BID_UPDATE,SPY,409.230000,200,409.220000,500,408.960000,100,409.290000,1000,409.720000,50,409.800000,100
2022-08-01 13:30:03.087742976,437137,BID_UPDATE,SPY,409.220000,500,408.960000,100,408.930000,100,409.290000,1000,409.720000,50,409.800000,100
2022-08-01 13:30:03.091584000,437237,ASK_UPDATE,SPY,409.220000,500,408.960000,100,408.930000,100,409.280000,500,409.290000,1000,409.720000,50
2022-08-01 13:30:03.091584000,437250,ASK_UPDATE,SPY,409.220000,500,408.960000,100,408.930000,100,409.290000,1000,409.720000,50,409.800000,100
2022-08-01 13:30:03.092539904,437295,ASK_UPDATE,SPY,409.220000,500,408.960000,100,408.930000,100,409.280000,38,409.290000,1000,409.720000,50
2022-08-01 13:30:03.093575936,437344,BID_UPDATE,SPY,409.230000,200,409.220000,500,408.960000,100,409.280000,38,409.290000,1000,409.720000,50
2022-08-01 13:30:03.094848000,437411,BID_UPDATE,SPY,409.220000,700,408.960000,100,408.930000,100,409.280000,38,409.290000,1000,409.720000,50
2022-08-01 13:30:03.095002112,437428,ASK_UPDATE,SPY,409.220000,700,408.960000,100,408.930000,100,409.280000,106,409.290000,1000,409.720000,50
2022-08-01 13:30:03.095155968,437431,BID_UPDATE,SPY,409.220000,500,408.960000,100,408.930000,100,409.280000,106,409.290000,1000,409.720000,50
2022-08-01 13:30:03.096155904,437436,ASK_UPDATE,SPY,409.220000,500,408.960000,100,408.930000,100,409.280000,106,409.290000,500,409.720000,50
2022-08-01 13:30:03.096157952,437438,ASK_UPDATE,SPY,409.220000,500,408.960000,100,408.930000,100,409.280000,106,409.720000,50,409.800000,100
2022-08-01 13:30:03.097948928,437591,BID_UPDATE,SPY,409.220000,500,409.210000,500,408.960000,100,409.280000,106,409.720000,50,409.800000,100
2022-08-01 13:30:03.097949952,437596,BID_UPDATE,SPY,409.220000,500,409.210000,1000,408.960000,100,409.280000,106,409.720000,50,409.800000,100
2022-08-01 13:30:03.097985024,437732,BID_UPDATE,SPY,409.220000,700,409.210000,1000,408.960000,100,409.280000,106,409.720000,50,409.800000,100
2022-08-01 13:30:03.099312896,437815,BID_UPDATE,SPY,409.230000,500,409.220000,700,409.210000,1000,409.280000,106,409.720000,50,409.800000,100
2022-08-01 13:30:03.099313920,437817,BID_UPDATE,SPY,409.230000,500,409.220000,200,409.210000,1000,409.280000,106,409.720000,50,409.800000,100
2022-08-01 13:30:03.099315968,437819,BID_UPDATE,SPY,409.230000,500,409.220000,200,409.210000,500,409.280000,106,409.720000,50,409.800000,100
2022-08-01 13:30:03.099315968,437822,BID_UPDATE,SPY,409.230000,500,409.220000,200,408.960000,100,409.280000,106,409.720000,50,409.800000,100
2022-08-01 13:30:03.099315968,437824,BID_UPDATE,SPY,409.230000,500,408.960000,100,408.930000,100,409.280000,106,409.720000,50,409.800000,100
2022-08-01 13:30:03.103208960,438226,BID_UPDATE,SPY,409.220000,500,408.960000,100,408.930000,100,409.280000,106,409.720000,50,409.800000,100
2022-08-01 13:30:03.103215104,438249,BID_UPDATE,SPY,408.960000,100,408.930000,100,408.900000,100,409.280000,106,409.720000,50,409.800000,100
2022-08-01 13:30:03.108819968,438565,ASK_UPDATE,SPY,408.960000,100,408.930000,100,408.900000,100,409.280000,38,409.720000,50,409.800000,100
2022-08-01 13:30:03.120048896,438942,ASK_UPDATE,SPY,408.960000,100,408.930000,100,408.900000,100,409.720000,50,409.800000,100,409.830000,100
2022-08-01 13:30:03.125487104,439062,ASK_UPDATE,SPY,408.960000,100,408.930000,100,408.900000,100,409.260000,500,409.720000,50,409.800000,100
2022-08-01 13:30:03.125488128,439063,ASK_UPDATE,SPY,408.960000,100,408.930000,100,408.900000,100,409.260000,1000,409.720000,50,409.800000,100
2022-08-01 13:30:03.126362112,439085,ASK_UPDATE,SPY,408.960000,100,408.930000,100,408.900000,100,409.260000,500,409.720000,50,409.800000,100
2022-08-01 13:30:03.126366976,439092,BID_UPDATE,SPY,409.210000,500,408.960000,100,408.930000,100,409.260000,500,409.720000,50,409.800000,100
2022-08-01 13:30:03.126370048,439099,ASK_UPDATE,SPY,409.210000,500,408.960000,100,408.930000,100,409.720000,50,409.800000,100,409.830000,100
2022-08-01 13:30:03.126377984,439113,BID_UPDATE,SPY,408.960000,100,408.930000,100,408.900000,100,409.720000,50,409.800000,100,409.830000,100
2022-08-01 13:30:03.127666944,439175,BID_UPDATE,SPY,409.230000,500,408.960000,100,408.930000,100,409.720000,50,409.800000,100,409.830000,100
2022-08-01 13:30:03.127667968,439176,BID_UPDATE,SPY,409.230000,1000,408.960000,100,408.930000,100,409.720000,50,409.800000,100,409.830000,100
2022-08-01 13:30:03.128292096,439208,BID_UPDATE,SPY,409.230000,500,408.960000,100,408.930000,100,409.720000,50,409.800000,100,409.830000,100
2022-08-01 13:30:03.128293120,439209,BID_UPDATE,SPY,408.960000,100,408.930000,100,408.900000,100,409.720000,50,409.800000,100,409.830000,100
2022-08-01 13:30:03.131137024,439347,ASK_UPDATE,SPY,408.960000,100,408.930000,100,408.900000,100,409.290000,500,409.720000,50,409.800000,100
2022-08-01 13:30:03.134684928,439495,ASK_UPDATE,SPY,408.960000,100,408.930000,100,408.900000,100,409.280000,500,409.290000,500,409.720000,50
2022-08-01 13:30:03.135239936,439523,ASK_UPDATE,SPY,408.960000,100,408.930000,100,408.900000,100,409.290000,500,409.720000,50,409.800000,100
2022-08-01 13:30:03.135241984,439526,ASK_UPDATE,SPY,408.960000,100,408.930000,100,408.900000,100,409.720000,50,409.800000,100,409.830000,100
2022-08-01 13:30:03.135429120,439529,BID_UPDATE,SPY,408.930000,100,408.900000,100,408.870000,100,409.720000,50,409.800000,100,409.830000,100
2022-08-01 13:30:03.148020992,439824,ASK_UPDATE,SPY,408.930000,100,408.900000,100,408.870000,100,409.290000,200,409.720000,50,409.800000,100
2022-08-01 13:30:03.160657920,440153,ASK_UPDATE,SPY,408.930000,100,408.900000,100,408.870000,100,409.720000,50,409.800000,100,409.830000,100
2022-08-01 13:30:03.171096064,440399,BID_UPDATE,SPY,408.940000,100,408.930000,100,408.900000,100,409.720000,50,409.800000,100,409.830000,100
2022-08-01 13:30:03.186984960,440839,ASK_UPDATE,SPY,408.940000,100,408.930000,100,408.900000,100,409.290000,200,409.720000,50,409.800000,100
2022-08-01 13:30:03.187098880,440846,BID_UPDATE,SPY,409.230000,200,408.940000,100,408.930000,100,409.290000,200,409.720000,50,409.800000,100
2022-08-01 13:30:03.188528896,440877,BID_UPDATE,SPY,408.940000,100,408.930000,100,408.900000,100,409.290000,200,409.720000,50,409.800000,100
2022-08-01 13:30:03.188867072,440895,ASK_UPDATE,SPY,408.940000,100,408.930000,100,408.900000,100,409.720000,50,409.800000,100,409.830000,100
2022-08-01 13:30:03.211825920,441767,BID_UPDATE,SPY,409.230000,200,408.940000,100,408.930000,100,409.720000,50,409.800000,100,409.830000,100
2022-08-01 13:30:03.212431872,441775,BID_UPDATE,SPY,408.940000,100,408.930000,100,408.900000,100,409.720000,50,409.800000,100,409.830000,100
2022-08-01 13:30:03.225698048,442036,ASK_UPDATE,SPY,408.940000,100,408.930000,100,408.900000,100,409.280000,500,409.720000,50,409.800000,100
2022-08-01 13:30:03.225700096,442042,ASK_UPDATE,SPY,408.940000,100,408.930000,100,408.900000,100,409.270000,500,409.280000,500,409.720000,50
2022-08-01 13:30:03.225992960,442046,ASK_UPDATE,SPY,408.940000,100,408.930000,100,408.900000,100,409.270000,500,409.720000,50,409.800000,100
2022-08-01 13:30:03.225992960,442047,ASK_UPDATE,SPY,408.940000,100,408.930000,100,408.900000,100,409.720000,50,409.800000,100,409.830000,100
2022-08-01 13:30:03.226401024,442055,ASK_UPDATE,SPY,408.940000,100,408.930000,100,408.900000,100,409.280000,500,409.720000,50,409.800000,100
2022-08-01 13:30:03.226437888,442056,ASK_UPDATE,SPY,408.940000,100,408.930000,100,408.900000,100,409.270000,500,409.280000,500,409.720000,50
2022-08-01 13:30:03.227535872,442084,ASK_UPDATE,SPY,408.940000,100,408.930000,100,408.900000,100,409.270000,700,409.280000,500,409.720000,50
2022-08-01 13:30:03.232627968,442258,ASK_UPDATE,SPY,408.940000,100,408.930000,100,408.900000,100,409.270000,776,409.280000,500,409.720000,50
2022-08-01 13:30:03.234233088,442288,ASK_UPDATE,SPY,408.940000,100,408.930000,100,408.900000,100,409.270000,776,409.720000,50,409.800000,100
2022-08-01 13:30:03.234510080,442292,ASK_UPDATE,SPY,408.940000,100,408.930000,100,408.900000,100,409.270000,576,409.720000,50,409.800000,100
2022-08-01 13:30:03.234574080,442294,ASK_UPDATE,SPY,408.940000,100,408.930000,100,408.900000,100,409.260000,200,409.270000,576,409.720000,50
2022-08-01 13:30:03.234672128,442295,ASK_UPDATE,SPY,408.940000,100,408.930000,100,408.900000,100,409.270000,576,409.720000,50,409.800000,100
2022-08-01 13:30:03.240495104,442387,ASK_UPDATE,SPY,408.940000,100,408.930000,100,408.900000,100,409.280000,576,409.720000,50,409.800000,100
2022-08-01 13:30:03.240758016,442395,ASK_UPDATE,SPY,408.940000,100,408.930000,100,408.900000,100,409.280000,76,409.720000,50,409.800000,100
2022-08-01 13:30:03.242745088,442448,ASK_UPDATE,SPY,408.940000,100,408.930000,100,408.900000,100,409.720000,50,409.800000,100,409.830000,100
2022-08-01 13:30:03.252303872,442694,ASK_UPDATE,SPY,408.940000,100,408.930000,100,408.900000,100,409.270000,200,409.720000,50,409.800000,100
2022-08-01 13:30:03.258255872,442813,ASK_UPDATE,SPY,408.940000,100,408.930000,100,408.900000,100,409.270000,300,409.720000,50,409.800000,100
2022-08-01 13:30:03.270694912,443018,ASK_UPDATE,SPY,408.940000,100,408.930000,100,408.900000,100,409.270000,200,409.720000,50,409.800000,100
2022-08-01 13:30:03.290607104,443458,ASK_UPDATE,SPY,408.940000,100,408.930000,100,408.900000,100,409.720000,50,409.800000,100,409.830000,100
2022-08-01 13:30:03.291814912,443493,ASK_UPDATE,SPY,408.940000,100,408.930000,100,408.900000,100,409.270000,200,409.720000,50,409.800000,100
2022-08-01 13:30:03.298278912,443596,ASK_UPDATE,SPY,408.940000,100,408.930000,100,408.900000,100,409.720000,50,409.800000,100,409.830000,100
2022-08-01 13:30:03.305740032,443778,BID_UPDATE,SPY,409.220000,500,408.940000,100,408.930000,100,409.720000,50,409.800000,100,409.830000,100
2022-08-01 13:30:03.305775104,443781,BID_UPDATE,SPY,408.940000,100,408.930000,100,408.900000,100,409.720000,50,409.800000,100,409.830000,100
2022-08-01 13:30:03.308638976,443876,BID_UPDATE,SPY,408.930000,100,408.900000,100,408.870000,100,409.720000,50,409.800000,100,409.830000,100
2022-08-01 13:30:03.308709120,443881,BID_UPDATE,SPY,408.950000,100,408.930000,100,408.900000,100,409.720000,50,409.800000,100,409.830000,100
2022-08-01 13:30:03.325135872,444207,BID_UPDATE,SPY,409.250000,100,408.950000,100,408.930000,100,409.720000,50,409.800000,100,409.830000,100
2022-08-01 13:30:03.328002048,444266,BID_UPDATE,SPY,409.250000,1,408.950000,100,408.930000,100,409.720000,50,409.800000,100,409.830000,100
2022-08-01 13:30:03.328524032,444276,BID_UPDATE,SPY,408.950000,100,408.930000,100,408.900000,100,409.720000,50,409.800000,100,409.830000,100
2022-08-01 13:30:03.377812992,445549,ASK_UPDATE,SPY,408.950000,100,408.930000,100,408.900000,100,409.290000,100,409.720000,50,409.800000,100
2022-08-01 13:30:03.378956032,445591,ASK_UPDATE,SPY,408.950000,100,408.930000,100,408.900000,100,409.720000,50,409.800000,100,409.830000,100
2022-08-01 13:30:03.403734016,446135,BID_UPDATE,SPY,409.240000,200,408.950000,100,408.930000,100,409.720000,50,409.800000,100,409.830000,100
2022-08-01 13:30:03.409733888,446302,BID_UPDATE,SPY,409.240000,200,408.930000,100,408.900000,100,409.720000,50,409.800000,100,409.830000,100
2022-08-01 13:30:03.419497984,446960,BID_UPDATE,SPY,408.930000,100,408.900000,100,408.870000,100,409.720000,50,409.800000,100,409.830000,100
2022-08-01 13:30:03.419534080,446961,BID_UPDATE,SPY,409.250000,200,408.930000,100,408.900000,100,409.720000,50,409.800000,100,409.830000,100
2022-08-01 13:30:03.419582976,446964,BID_UPDATE,SPY,408.930000,100,408.900000,100,408.870000,100,409.720000,50,409.800000,100,409.830000,100
2022-08-01 13:30:03.420822016,447040,BID_UPDATE,SPY,408.940000,100,408.930000,100,408.900000,100,409.720000,50,409.800000,100,409.830000,100
2022-08-01 13:30:03.442401024,448212,ASK_UPDATE,SPY,408.940000,100,408.930000,100,408.900000,100,409.310000,200,409.720000,50,409.800000,100
2022-08-01 13:30:03.459256064,448751,ASK_UPDATE,SPY,408.940000,100,408.930000,100,408.900000,100,409.720000,50,409.800000,100,409.830000,100
2022-08-01 13:30:03.465167872,448925,ASK_UPDATE,SPY,408.940000,100,408.930000,100,408.900000,100,409.300000,200,409.720000,50,409.800000,100
2022-08-01 13:30:03.465371904,448935,ASK_UPDATE,SPY,408.940000,100,408.930000,100,408.900000,100,409.720000,50,409.800000,100,409.830000,100
2022-08-01 13:30:03.480148992,449265,ASK_UPDATE,SPY,408.940000,100,408.930000,100,408.900000,100,409.300000,200,409.720000,50,409.800000,100
2022-08-01 13:30:03.483110912,449379,ASK_UPDATE,SPY,408.940000,100,408.930000,100,408.900000,100,409.720000,50,409.800000,100,409.830000,100
2022-08-01 13:30:03.494788096,449748,ASK_UPDATE,SPY,408.940000,100,408.930000,100,408.900000,100,409.290000,500,409.720000,50,409.800000,100
2022-08-01 13:30:03.554894080,451235,ASK_UPDATE,SPY,408.940000,100,408.930000,100,408.900000,100,409.720000,50,409.800000,100,409.830000,100
2022-08-01 13:30:03.600590080,451996,ASK_UPDATE,SPY,408.940000,100,408.930000,100,408.900000,100,409.290000,200,409.720000,50,409.800000,100
2022-08-01 13:30:03.604524032,452066,ASK_UPDATE,SPY,408.940000,100,408.930000,100,408.900000,100,409.720000,50,409.800000,100,409.830000,100
2022-08-01 13:30:03.659952896,453014,ASK_UPDATE,SPY,408.940000,100,408.930000,100,408.900000,100,409.290000,100,409.720000,50,409.800000,100
2022-08-01 13:30:03.684122112,453495,ASK_UPDATE,SPY,408.940000,100,408.930000,100,408.900000,100,409.290000,300,409.720000,50,409.800000,100
2022-08-01 13:30:03.684780032,453505,ASK_UPDATE,SPY,408.940000,100,408.930000,100,408.900000,100,409.290000,200,409.720000,50,409.800000,100
2022-08-01 13:30:03.684890112,453513,ASK_UPDATE,SPY,408.940000,100,408.930000,100,408.900000,100,409.720000,50,409.800000,100,409.830000,100
2022-08-01 13:30:03.704427008,454119,ASK_UPDATE,SPY,408.940000,100,408.930000,100,408.900000,100,409.270000,500,409.720000,50,409.800000,100
2022-08-01 13:30:03.704431104,454135,ASK_UPDATE,SPY,408.940000,100,408.930000,100,408.900000,100,409.270000,500,409.280000,200,409.720000,50
2022-08-01 13:30:03.704435968,454148,ASK_UPDATE,SPY,408.940000,100,408.930000,100,408.900000,100,409.270000,500,409.720000,50,409.800000,100
2022-08-01 13:30:03.704851968,454167,ASK_UPDATE,SPY,408.940000,100,408.930000,100,408.900000,100,409.720000,50,409.800000,100,409.830000,100
2022-08-01 13:30:03.716642048,454452,ASK_UPDATE,SPY,408.940000,100,408.930000,100,408.900000,100,409.280000,200,409.720000,50,409.800000,100
2022-08-01 13:30:03.726469120,454626,ASK_UPDATE,SPY,408.940000,100,408.930000,100,408.900000,100,409.290000,200,409.720000,50,409.800000,100
2022-08-01 13:30:03.726630912,454628,BID_UPDATE,SPY,409.220000,500,408.940000,100,408.930000,100,409.290000,200,409.720000,50,409.800000,100
2022-08-01 13:30:03.726799872,454629,BID_UPDATE,SPY,408.940000,100,408.930000,100,408.900000,100,409.290000,200,409.720000,50,409.800000,100
2022-08-01 13:30:03.727154944,454632,ASK_UPDATE,SPY,408.940000,100,408.930000,100,408.900000,100,409.720000,50,409.800000,100,409.830000,100
2022-08-01 13:30:03.727618048,454640,BID_UPDATE,SPY,408.930000,100,408.900000,100,408.870000,100,409.720000,50,409.800000,100,409.830000,100
2022-08-01 13:30:03.727792896,454642,BID_UPDATE,SPY,408.950000,100,408.930000,100,408.900000,100,409.720000,50,409.800000,100,409.830000,100
2022-08-01 13:30:03.786761984,455891,ASK_UPDATE,SPY,408.950000,100,408.930000,100,408.900000,100,409.290000,100,409.720000,50,409.800000,100
2022-08-01 13:30:03.787662080,455917,ASK_UPDATE,SPY,408.950000,100,408.930000,100,408.900000,100,409.720000,50,409.800000,100,409.830000,100
2022-08-01 13:30:03.828464128,456520,BID_UPDATE,SPY,409.240000,200,408.950000,100,408.930000,100,409.720000,50,409.800000,100,409.830000,100
2022-08-01 13:30:03.829527040,456536,BID_UPDATE,SPY,409.240000,200,408.930000,100,408.900000,100,409.720000,50,409.800000,100,409.830000,100
2022-08-01 13:30:03.842865920,456728,BID_UPDATE,SPY,409.240000,300,408.930000,100,408.900000,100,409.720000,50,409.800000,100,409.830000,100
2022-08-01 13:30:03.843193088,456731,BID_UPDATE,SPY,409.240000,500,408.930000,100,408.900000,100,409.720000,50,409.800000,100,409.830000,100
2022-08-01 13:30:03.848282880,456827,BID_UPDATE,SPY,409.250000,500,409.240000,500,408.930000,100,409.720000,50,409.800000,100,409.830000,100
2022-08-01 13:30:03.848335104,456828,BID_UPDATE,SPY,409.250000,500,409.240000,300,408.930000,100,409.720000,50,409.800000,100,409.830000,100
2022-08-01 13:30:03.848512000,456832,BID_UPDATE,SPY,409.250000,500,409.240000,100,408.930000,100,409.720000,50,409.800000,100,409.830000,100
2022-08-01 13:30:03.848512000,456835,BID_UPDATE,SPY,409.250000,700,409.240000,100,408.930000,100,409.720000,50,409.800000,100,409.830000,100
2022-08-01 13:30:03.848512000,456836,BID_UPDATE,SPY,409.250000,500,409.240000,100,408.930000,100,409.720000,50,409.800000,100,409.830000,100
2022-08-01 13:30:03.848953088,456851,BID_UPDATE,SPY,409.260000,200,409.250000,500,409.240000,100,409.720000,50,409.800000,100,409.830000,100
2022-08-01 13:30:03.848954112,456852,BID_UPDATE,SPY,409.250000,500,409.240000,100,408.930000,100,409.720000,50,409.800000,100,409.830000,100
2022-08-01 13:30:03.856019968,456952,BID_UPDATE,SPY,409.260000,200,409.250000,500,409.240000,100,409.720000,50,409.800000,100,409.830000,100
2022-08-01 13:30:03.856619008,456967,BID_UPDATE,SPY,409.260000,200,409.250000,500,408.930000,100,409.720000,50,409.800000,100,409.830000,100
2022-08-01 13:30:03.857841920,456975,BID_UPDATE,SPY,409.250000,500,408.930000,100,408.900000,100,409.720000,50,409.800000,100,409.830000,100
2022-08-01 13:30:03.879079936,457340,BID_UPDATE,SPY,409.260000,200,409.250000,500,408.930000,100,409.720000,50,409.800000,100,409.830000,100
2022-08-01 13:30:03.879855104,457345,BID_UPDATE,SPY,409.260000,200,408.930000,100,408.900000,100,409.720000,50,409.800000,100,409.830000,100
2022-08-01 13:30:03.879961088,457346,BID_UPDATE,SPY,409.260000,300,408.930000,100,408.900000,100,409.720000,50,409.800000,100,409.830000,100
2022-08-01 13:30:03.900614912,457618,ASK_UPDATE,SPY,409.260000,300,408.930000,100,408.900000,100,409.290000,100,409.720000,50,409.800000,100
2022-08-01 13:30:03.901396992,457635,BID_UPDATE,SPY,409.260000,200,408.930000,100,408.900000,100,409.290000,100,409.720000,50,409.800000,100
2022-08-01 13:30:03.922204928,458040,BID_UPDATE,SPY,408.930000,100,408.900000,100,408.870000,100,409.290000,100,409.720000,50,409.800000,100
2022-08-01 13:30:03.922788096,458096,ASK_UPDATE,SPY,408.930000,100,408.900000,100,408.870000,100,409.290000,200,409.720000,50,409.800000,100
2022-08-01 13:30:03.922790912,458099,ASK_UPDATE,SPY,408.930000,100,408.900000,100,408.870000,100,409.290000,100,409.720000,50,409.800000,100
2022-08-01 13:30:03.922953984,458108,BID_UPDATE,SPY,409.250000,500,408.930000,100,408.900000,100,409.290000,100,409.720000,50,409.800000,100
2022-08-01 13:30:03.923205888,458114,BID_UPDATE,SPY,409.250000,500,408.940000,100,408.930000,100,409.290000,100,409.720000,50,409.800000,100
2022-08-01 13:30:03.923206912,458117,BID_UPDATE,SPY,408.940000,100,408.930000,100,408.900000,100,409.290000,100,409.720000,50,409.800000,100
2022-08-01 13:30:03.955813888,458735,BID_UPDATE,SPY,409.250000,200,408.940000,100,408.930000,100,409.290000,100,409.720000,50,409.800000,100
2022-08-01 13:30:04.000881920,459756,BID_UPDATE,SPY,409.250000,200,409.230000,500,408.940000,100,409.290000,100,409.720000,50,409.800000,100
2022-08-01 13:30:04.000882944,459757,BID_UPDATE,SPY,409.250000,200,409.230000,1000,408.940000,100,409.290000,100,409.720000,50,409.800000,100
2022-08-01 13:30:04.007705088,459911,BID_UPDATE,SPY,409.230000,1000,408.940000,100,408.930000,100,409.290000,100,409.720000,50,409.800000,100
2022-08-01 13:30:04.022630912,460179,BID_UPDATE,SPY,409.230000,500,408.940000,100,408.930000,100,409.290000,100,409.720000,50,409.800000,100
2022-08-01 13:30:04.022785024,460180,BID_UPDATE,SPY,408.940000,100,408.930000,100,408.900000,100,409.290000,100,409.720000,50,409.800000,100
2022-08-01 13:30:04.023763968,460191,BID_UPDATE,SPY,408.930000,100,408.900000,100,408.870000,100,409.290000,100,409.720000,50,409.800000,100
2022-08-01 13:30:04.023767040,460194,BID_UPDATE,SPY,408.950000,100,408.930000,100,408.900000,100,409.290000,100,409.720000,50,409.800000,100
2022-08-01 13:30:04.084814080,461330,BID_UPDATE,SPY,409.240000,100,408.950000,100,408.930000,100,409.290000,100,409.720000,50,409.800000,100
2022-08-01 13:30:04.085200896,461341,BID_UPDATE,SPY,409.240000,100,409.230000,500,408.950000,100,409.290000,100,409.720000,50,409.800000,100
2022-08-01 13:30:04.089505024,461436,BID_UPDATE,SPY,409.240000,100,409.230000,1000,408.950000,100,409.290000,100,409.720000,50,409.800000,100
2022-08-01 13:30:04.091514112,461459,BID_UPDATE,SPY,409.240000,100,409.230000,500,408.950000,100,409.290000,100,409.720000,50,409.800000,100
2022-08-01 13:30:04.091514112,461460,BID_UPDATE,SPY,409.240000,100,408.950000,100,408.930000,100,409.290000,100,409.720000,50,409.800000,100
2022-08-01 13:30:04.097964032,461578,BID_UPDATE,SPY,409.240000,600,408.950000,100,408.930000,100,409.290000,100,409.720000,50,409.800000,100
2022-08-01 13:30:04.098046976,461580,BID_UPDATE,SPY,409.240000,800,408.950000,100,408.930000,100,409.290000,100,409.720000,50,409.800000,100
2022-08-01 13:30:04.117223936,461963,BID_UPDATE,SPY,409.240000,700,408.950000,100,408.930000,100,409.290000,100,409.720000,50,409.800000,100
2022-08-01 13:30:04.117600000,461972,BID_UPDATE,SPY,409.240000,500,408.950000,100,408.930000,100,409.290000,100,409.720000,50,409.800000,100
2022-08-01 13:30:04.127565056,462162,BID_UPDATE,SPY,409.240000,500,408.930000,100,408.900000,100,409.290000,100,409.720000,50,409.800000,100
2022-08-01 13:30:04.127613952,462164,BID_UPDATE,SPY,408.930000,100,408.900000,100,408.870000,100,409.290000,100,409.720000,50,409.800000,100
2022-08-01 13:30:04.128624896,462182,BID_UPDATE,SPY,408.940000,100,408.930000,100,408.900000,100,409.290000,100,409.720000,50,409.800000,100
2022-08-01 13:30:04.145987072,462403,BID_UPDATE,SPY,409.240000,200,408.940000,100,408.930000,100,409.290000,100,409.720000,50,409.800000,100
2022-08-01 13:30:04.148389888,462441,BID_UPDATE,SPY,408.940000,100,408.930000,100,408.900000,100,409.290000,100,409.720000,50,409.800000,100
2022-08-01 13:30:04.152791040,462512,ASK_UPDATE,SPY,408.940000,100,408.930000,100,408.900000,100,409.280000,100,409.290000,100,409.720000,50
2022-08-01 13:30:04.153316096,462515,ASK_UPDATE,SPY,408.940000,100,408.930000,100,408.900000,100,409.290000,100,409.720000,50,409.800000,100
2022-08-01 13:30:04.211191040,463737,BID_UPDATE,SPY,409.240000,200,408.940000,100,408.930000,100,409.290000,100,409.720000,50,409.800000,100
